2694 4978
710 385 766 472 38
835 453 837 460 ,

193 585 261 672 cia,
285 579 418 681 quibus
431 576 681 669 confirmetur,
706 593 869 652 nontam
883 579 1041 654 subitam
1055 577 1166 653 fuisse
1179 583 1290 682 ipsius

197 705 341 805 linguae
372 705 667 792 conversionem,
713 728 822 803 quam
852 705 975 805 primo
1009 682 1145 778 intuitu
1175 707 1294 806 possit

193 827 301 902 alicui
324 825 464 902 videri?
501 822 647 900 Deinde
673 851 780 919 vero,
814 852 860 900 eo
885 831 967 929 ipso
991 843 1180 929 tempore,
1216 855 1294 930 quo

192 951 395 1026 Romanam
430 951 584 1024 subiecti
614 949 746 1052 populi
780 967 998 1054 receperunt
1027 949 1292 1043 litteraturam,

72 1121 81 1140 κ
193 1079 389 1150 maximum
413 1073 666 1148 Romanorum
698 1101 812 1176 quum
843 1080 962 1151 omnis
993 1079 1087 1152 vitae
1116 1092 1195 1150 tum
1221 1076 1295 1150 lin-

193 1227 284 1302 guae
311 1196 506 1302 adpulsum
533 1201 685 1272 omnino
713 1202 901 1292 exstitisse,
936 1204 1018 1302 quis
1040 1227 1119 1274 non
1143 1197 1298 1275 credat?

148 1337 151 1349 '
194 1322 319 1417 Quare
343 1326 684 1424 pronuntiationem
709 1349 859 1425 quoque
884 1325 1112 1427 populorum
1136 1327 1207 1398 iam
1233 1351 1298 1398 ce-

193 1447 304 1521 lerius
332 1463 412 1520 tum
436 1450 615 1549 temporis
641 1444 687 1520 ad
712 1437 917 1522 Romanam
943 1453 1148 1540 accessisse,
1184 1475 1299 1551 quam

193 1585 312 1662 antea,
337 1574 415 1646 veri
440 1587 495 1645 est
519 1571 759 1646 simillimum.

293 1694 529 1770 Potissimum
553 1723 657 1789 vero,
690 1724 783 1799 quae
810 1695 897 1787 dixi,
931 1702 1059 1772 ineos
1086 1693 1216 1772 cadere
1240 1699 1297 1770 vi-

193 1809 339 1912 dentur,
369 1822 502 1922 quibus
521 1823 675 1892 maxima
701 1848 785 1892 cum
803 1821 982 1895 Romanis
1004 1838 1083 1894 tum
1108 1821 1179 1895 fuit
1205 1846 1298 1894 con·

31 1927 35 1942 ⁶
187 1925 351 2034 iunctio,
386 1944 532 2016 urbium
566 1939 649 2015 dico
682 1945 797 2035 cives,
831 1958 942 2043 atque
975 1947 1107 2017 civium
1139 1950 1301 2019 maxime
1334 1985 1335 2024 z

109 2051 111 2055 ¹
192 2065 417 2140 nobiliorem
446 2064 757 2168 eruditionemque
790 2082 944 2169 partem.
998 2062 1042 2138 Id
1075 2068 1173 2139 enim
1205 2091 1303 2142 con-

156 2194 158 2200 '
193 2187 344 2264 tendere
363 2189 469 2262 nullo
488 2188 601 2262 modo
621 2193 660 2262 in
680 2195 802 2263 animo
824 2207 891 2281 est,
920 2205 962 2264 ut
986 2193 1146 2292 primum
1163 2189 1303 2264 Latina

192 2312 394 2387 litteratura
424 2310 470 2386 ad
496 2316 679 2390 civitatem
705 2314 866 2416 aliquam
890 2317 1111 2416 pervenerit,
1148 2327 1303 2388 omnem

194 2439 315 2511 subito
335 2439 526 2512 Etruscam
545 2441 761 2540 scripturam
779 2465 929 2540 prorsus
949 2441 1147 2530 evanuisse,
1172 2463 1301 2540 neque

193 2588 357 2663 unquam
386 2589 509 2638 nrrsus
540 2561 741 2637 adhibitam
769 2562 899 2656 fuisse,
935 2560 999 2635 diu
1029 2566 1154 2664 potius
1187 2566 1302 2636 etiam

193 2703 322 2788 postea
354 2703 433 2761 tum
465 2713 549 2761 rure
582 2704 662 2761 tum
693 2691 731 2760 in
763 2689 918 2761 urbibus
951 2713 971 2759 a
1000 2686 1113 2788 plebe
1147 2685 1302 2788 quidem

109 2859 111 2872 ·
194 2810 348 2882 Etrusce
365 2813 541 2912 scriptum
567 2835 657 2902 esse,
687 2809 776 2882 mihi
802 2825 857 2882 est
880 2812 1224 2912 persuasissimum,
1246 2813 1303 2885 At

196 2935 372 3034 quoniam
401 2935 497 3006 inter
525 2932 633 3006 huius
663 2935 804 3034 generis
834 2931 1002 3007 homines
1035 2935 1144 3006 etiam
1172 2931 1301 3035 lingua
1332 2971 1333 2974 ¹

119 3111 122 3114 -
196 3057 242 3130 ab
262 3058 432 3139 omnibus
451 3059 561 3130 rebus
579 3061 684 3132 ironis
702 3059 883 3131 abstinere
904 3055 1012 3149 solet,
1040 3083 1184 3130 summo
1206 3084 1298 3160 pro-

196 3180 293 3254 fecto
314 3183 392 3254 iure
414 3207 523 3282 supra
545 3179 795 3286 iudicavimus,
823 3183 946 3274 nobis,
976 3185 1114 3285 quippe
1142 3186 1210 3284 qui
1223 3181 1298 3274 ho·

196 3331 278 3378 rum
308 3305 536 3408 populorum
566 3322 802 3380 monumenta
835 3321 934 3380 recte
961 3306 1084 3408 legere
1114 3324 1229 3410 atque
1251 3333 1298 3380 ex

195 3445 294 3503 recte
319 3429 422 3505 lectis
448 3428 581 3504 deinde
605 3434 915 3533 pronuntiationis
934 3430 1154 3534 linguaeque
1181 3435 1296 3533 ipsius

195 3577 319 3627 veram
349 3559 529 3629 rationem
555 3554 747 3630 enucleare
773 3553 973 3648 studemus,
1003 3557 1173 3630 Etruscas
1199 3559 1295 3658 eius·
1331 3579 1332 3616 t

198 3671 282 3748 dem
305 3676 380 3750 loci
399 3681 653 3780 inscriptiones
676 3683 750 3756 sive
777 3677 822 3753 ad
847 3696 1006 3783 tempus,
1036 3706 1112 3782 quo
1139 3683 1295 3781 scriptae

197 3802 281 3892 sint,
310 3803 384 3875 sive
406 3799 451 3874 ad
476 3801 636 3903 linguam
661 3808 700 3878 in
724 3807 767 3879 iis
794 3803 992 3880 exhibitam
1016 3807 1200 3907 respicias,
1229 3831 1293 3878 an·

195 3927 373 4032 tiquiores
392 3923 578 4000 habendas
598 3951 687 4020 esse,
718 3957 827 4032 quam
845 3930 1006 4004 Latinas.
1048 3927 1208 4004 Tantum
1228 3932 1292 4033 igi·
1330 3961 1331 4009 l

196 4067 256 4126 tur
286 4052 408 4144 abest,
440 4068 494 4146 ut,
529 4049 630 4156 quod
660 4056 698 4128 in
729 4053 939 4129 Dissertt.
971 4055 1210 4158 Isagogieis
1242 4037 1291 4128 ad

197 4173 370 4252 Hercul.
391 4178 498 4280 p.37.
525 4177 572 4254 de
595 4205 700 4254 muro
725 4176 894 4270 refertur,
911 4181 963 4280 „5¹¹
989 4205 1065 4280 quo
1087 4176 1183 4254 Osca
1208 4182 1291 4255 vivo

197 4293 318 4372 adhuc
350 4299 476 4375 colore
509 4305 706 4405 conspicua
736 4303 926 4404 inscriptio
959 4300 1105 4396 doceat,
1143 4305 1182 4378 in
1210 4304 1291 4406 ipso
1329 4347 1330 4395 ,
