2694 4978
744 373 795 460 12

267 563 485 642 Rudfucifu:
516 561 694 646 edaduul:
721 563 928 640 siduoblas:
955 564 1152 643 eskamitu:
1178 571 1315 644 aceifu:

179 721 186 728 ·
266 687 435 764 inumek:
471 686 659 764 fedfiama:
696 688 824 765 sranfi:
861 687 1062 794 fdiafegda:
1096 691 1314 768 rdusekalu:

212 847 218 854 ·
266 811 380 916 epek:
410 809 543 887 surdu:
590 881 596 900 ,

211 951 253 1012 ἐι
277 940 534 1040 interpretatus
559 952 635 1012 est:

265 1059 345 1136 Rex
363 1077 506 1136 noster:
530 1060 714 1136 Dominus
733 1077 877 1138 noster:
904 1060 1109 1138 siduohlas:
1139 1069 1318 1141 excitator

153 1269 155 1276 Α
264 1200 407 1260 noster:
436 1201 542 1288 pater
564 1201 709 1260 noster:
740 1201 777 1260 et
801 1185 1004 1287 legislator:
1033 1186 1220 1264 liberatrix
1247 1218 1317 1264 no-

265 1325 337 1382 stra
369 1325 502 1384 mater:
537 1309 700 1384 Domina
733 1326 873 1384 nostra:
910 1307 1128 1413 Fdiafegda:
1165 1291 1318 1389 Contri-

263 1436 403 1508 tionem
429 1449 611 1510 nostram:
642 1430 854 1510 educendo:
882 1421 1209 1539 propulsaverunt:

212 1557 347 1633 Nonne
372 1562 519 1634 'mireris
552 1585 637 1634 cum
669 1559 813 1636 Catone
839 1559 921 1661 (²⁷),
958 1560 1147 1664 quomodo
1179 1560 1320 1634 horum

138 1777 143 1787 Ι
212 1682 447 1789 haruspicum
471 1683 576 1777 alius,
607 1712 720 1789 quum
748 1685 809 1759 alii
835 1687 982 1763 obviam
1004 1685 1124 1779 fieret,
1151 1688 1320 1788 potuerit

211 1812 325 1883 risum
350 1808 500 1884 tenere?
536 1805 627 1881 Post
652 1813 954 1882 commentarium
980 1825 1115 1901 autem,
1150 1813 1216 1914 qui
1241 1812 1316 1892 sin-

211 1932 318 2034 gulas'
336 1957 445 2006 voces
472 1929 653 2032 explicare
679 1926 814 2042 studet,
845 1931 913 2001 sub
939 1929 1051 2002 finem
1078 1930 1247 2004 eiusdem
1269 1931 1339 2004 lis

209 2053 302 2128 belli
332 2080 371 2127 se
404 2079 539 2157 cupere
570 2051 659 2128 dicit
683 2045 821 2126 Baldus
847 2067 973 2124 noster
1002 2049 1142 2152 aliquid
1169 2055 1208 2124 in
1234 2080 1320 2128 me·

210 2176 312 2252 dium
344 2174 525 2251 adducere
560 2174 606 2249 de
638 2179 700 2268 iis,
739 2201 832 2276 quae
866 2173 911 2248 ad
942 2174 1089 2249 tabulae
1121 2175 1320 2250 historiam

209 2304 429 2406 pertineant,
457 2297 522 2374 sed
547 2325 663 2402 quum
686 2323 727 2371 ea
749 2300 1002 2374 obscurissima
1022 2303 1096 2374 sint
1116 2316 1152 2374 et
1168 2307 1319 2402 penitus

209 2441 308 2500 extra
333 2428 447 2527 ipsius
473 2425 722 2526 cognitionem
747 2427 887 2527 posita,
921 2421 1151 2499 audacissimi
1176 2450 1215 2500 se
1241 2453 1317 2529 pu-

209 2567 286 2626 tare
312 2552 460 2653 ingenii,
491 2551 682 2652 quippiam
708 2573 750 2622 ea
776 2547 823 2623 de
848 2576 889 2624 re
913 2555 1004 2624 certi
1024 2548 1205 2654 profiteri.

312 2674 490 2778 Sequenti
515 2699 613 2746 anno
639 2673 735 2746 liber
761 2671 879 2748 editus
903 2653 965 2747 'est
988 2674 1098 2775 Ypris
1123 2671 1317 2747 Adriani

201 2797 447 2877 ,Scriechiiz
481 2800 568 2872 Van
594 2796 623 2869 't
646 2795 787 2894 Begluh
812 2797 879 2868 der
900 2813 1031 2868 eerster
1051 2797 1213 2872 Voloken
1233 2825 1317 2898 van

208 2927 248 3000 E
250 2949 380 3025 uropen
382 2961 396 3020 3
417 2921 691 3020 iaz-sonderkeyt
706 2946 783 2992 van
800 2919 871 2991 den
883 2919 1104 3020 Oorspronck
1121 2921 1212 2992 enda
1222 2921 1317 2994 Sae-

195 3034 276 3122 1ἤθη
289 3049 355 3120 der
366 3049 410 3124 Ν
409 3045 699 3143 eder-Landren,
723 3058 837 3112 XXII!
844 3043 1010 3118 Boeclen
1022 3060 1085 3116 etc.
1099 3044 1313 3119 beschreven

206 3174 295 3246 door
306 3171 468 3246 Adriaen
480 3197 556 3242 van
573 3169 729 3266 Scrieck,
754 3168 858 3265 heere
878 3196 954 3242 van
970 3169 1146 3242 Rodome.
1170 3167 1312 3268 t'Ypre

212 3299 322 3373 1614.
337 3295 415 3395 sol.
445 3339 486 3352 —
528 3293 573 3366 In
602 3291 709 3365 huius
736 3291 993 3393 operis'lib.I.
1016 3298 1130 3394 p.32.
1159 3290 1312 3368 exhibet

208 3437 336 3495 auctor
367 3419 518 3493 alteram
550 3415 713 3490 tabulam
737 3415 924 3507 Latinam,
967 3419 1068 3490 cuius
1099 3402 1310 3518 exemplum

205 3545 351 3620 Parisiis
378 3543 468 3617 olim
492 3568 531 3626 se
558 3543 739 3643 accepisse
764 3539 877 3614 refert
901 3565 921 3612 a
945 3543 1025 3615 viro
1047 3538 1209 3642 quodam
1232 3540 1307 3614 cla-

204 3671 362 3761 rissim0‚
397 3670 462 3769 qui
486 3665 606 3739 Roma
636 3664 811 3738 attulerit.
859 3663 919 3738 De
944 3665 1147 3765 Eugubinis
1171 3665 1307 3738 tabulis
1340 3689 1341 3748 t

205 3795 299 3871 nihil
330 3784 559 3894 compertum
589 3789 732 3864 habuit.
779 3789 825 3862 In
850 3787 923 3863 hoc
948 3814 1037 3865 vcro
1064 3806 1305 3864 monumento

206 3920 492 4022 antiquissimam
525 3913 639 3988 latere
676 3915 878 4016 suspicatur
910 3893 1071 4014 linguam
1103 3912 1301 4016 Belgicam,
1340 3973 1341 3990 t

205 4043 253 4118 id'
271 4040 372 4148 quod
398 4038 623 4114 demonstrat
648 4035 819 4115 videlicet
847 4040 953 4112 initio
982 4036 1147 4112 tabulae:
1187 4041 1306 4114 Saou-
1340 3993 1341 4056 l

205 4211 407 4224 ἡ*

257 4301 319 4379 (u)
346 4299 680 4376 crematurum
725 4279 752 4360 .’
