2694 4978
722 357 859 461 32Ι

183 577 312 672 'quam
345 583 386 642 ut
414 571 452 641 in
482 566 557 641 boc
588 569 691 670 quasi
720 571 925 670 patrocinio
952 565 1177 652 Graecarum·
1201 571 1295 648 litte-

200 703 321 766 rarum
351 691 420 764 alia
451 715 615 794 quoque,
651 717 745 794 quae
777 707 944 766 externae
973 691 1097 768 Latini
1121 701 1296 770 sermonis
1326 785 1327 794 ἵ

172 861 174 866 .
202 819 336 920 speciei
360 815 467 890 facile
493 819 609 918 aptari
632 831 823 918 poterant,
858 818 903 890 ab
929 817 1001 890 illis
1014 791 1297 921 reciperentur?

200 940 377 1035 Quamvis
408 943 517 1041 igitur
548 965 619 1043 pro
652 955 753 1014 certo
787 967 866 1014 non
897 944 1011 1016 ausim
1042 941 1242 1036 affirmare,
1278 971 1299 1016 o
1327 967 1328 1048 ἦ

200 1067 359 1140 litteram
383 1064 535 1138 Latinos
567 1061 613 1138 de
645 1062 788 1138 Graeca
819 1062 968 1142 demum
992 1071 1299 1170 'pronuntiatione

201 1188 391 1266 adscivisse
416 1204 454 1262 et
472 1190 599 1291 primis
616 1169 844 1290 temporibus
865 1186 910 1262 ad
930 1214 1072 1264 morem
1092 1207 1301 1266 ceterorum

199 1315 326 1389 Italiae
357 1311 584 1416 populorum
615 1337 641 1384 ιι
671 1328 814 1386 tantum
838 1311 1004 1388 vocalem
1029 1319 1298 1416 pronuntiasse:
1328 1341 1329 1372 ¹

113 1499 116 1508 ,
200 1437 239 1510 id
271 1433 422 1538 quidem
454 1451 624 1539 apparet,
665 1435 783 1510 multo
817 1435 1106 1539 frequentiorem
1137 1439 1247 1512 fuisse
1277 1465 1304 1511 u

200 1562 342 1664 litterae
371 1587 479 1634 usum
508 1563 548 1634 in
572 1559 752 1654 Romana,
779 1585 898 1664 quam
930 1564 969 1634 in
996 1560 1135 1636 Graeca
1160 1561 1299 1662 lingua.
1329 1564 1330 1650 l

199 1685 355 1790 Propria
384 1688 483 1759 enim*
515 1700 553 1759 et
581 1688 711 1759 usitata
740 1687 949 1760 terminatio
980 1683 1161 1760 secundae
1187 1683 1303 1758 decli-

200 1815 357 1911 nationis
389 1809 459 1882 fuit
493 1835 570 1898 -us,
599 1815 678 1880 -icm
705 1810 766 1903 (rc,
791 1811 859 1906 cr),
894 1835 976 1910 gen.
991 1809 1046 1911 pl.
1078 1837 1156 1882 -um
1182 1811 1299 1908 (ov),

199 1935 382 2039 permulta
412 1929 606 2022 vocabula,
639 1944 681 2002 ut
716 1930 885 2027 Ulysscs,
919 1957 1085 2028 amurca,
1119 1959 1301 2031 purpura,

116 2085 119 2089 ·
201 2085 329 2156 uncus,
358 2057 406 2131 al.
434 2059 475 2130 in
498 2053 639 2130 Graeca
663 2052 786 2155 lingua
810 2079 896 2127 cum
921 2079 943 2126 o
967 2055 1306 2158 pronuntiabantur

198 2369 259 2432 tur,
278 2356 407 2436 itemque
425 2352 519 2415 adbuc
536 2373 553 2414 a
573 2351 720 2414 Cicerone
738 2353 769 2414 in
786 2350 870 2416 Arati
888 2353 1033 2431 versione,
1054 2351 1182 2434 quamvis
1199 2365 1305 2435 postea
1331 2333 1332 2340 ἵ

113 2493 119 2506 .
201 2453 696 2540 (orat.c.as.§.151.)1pseuca,
714 2455 770 2516 um
787 2455 980 2518 susruaaum
996 2455 1101 2534 vires,
1120 2439 1305 2517 stimuum

199 2559 320 2642 politius
332 2559 386 2640 (cl.
400 2557 605 2620 Schneider
621 2561 672 2618 Gr.
683 2559 719 2618 L.
732 2558 793 2636 Lt.
810 2559 938 2639 pult).
965 2557 1136 2620 Catullus
1150 2558 1305 2642 igiturse-

69 2713 73 2720 .
199 2663 261 2726 mel
276 2673 388 2724 tantum
404 2660 533 2722 adhibet.
566 2659 672 2720 Sermo
690 2677 762 2720 vero
782 2659 906 2722 rusticus
919 2660 1056 2736 retinuit,
1076 2673 1110 2722 ut
1121 2659 1306 2744 posteriores

200 2751 400 2827 demonstrant
411 2761 616 2842 inscriptiones
629 2759 682 2840 (cf.
697 2761 831 2822 Strure
843 2765 890 2819 De
902 2767 1001 2820 Latin.
1014 2763 1127 2821 Declr'n.
1140 2779 1168 2821 et
1181 2769 1306 2834 (Ζοιτίας.

199 2875 284 2948 pat.
306 2863 513 2938 Schneidl,
528 2875 553 2921 1.
567 2883 595 2942 p.
606 2861 695 2938 ast).
727 2861 776 2921 Dc
794 2861 911 2944 syllabis
923 2861 1056 2922 finalibus
1069 2861 1100 2921 in
1114 2862 1224 2923 verbis:
1245 2889 1307 2937 po-

197 2959 301 3043 pulus,
317 2971 492 3041 periculum,
512 2961 549 3022 al.
568 2983 624 3044 pro
643 2961 863 3024 vetustioribus:
884 2971 1003 3040 popius,
1019 2971 1174 3041 periclum,
1195 2963 1306 3044 qulbus

200 3068 295 3130 adhuc
308 3067 461 3128 Plautus
478 3086 544 3126 usus
563 3077 617 3142 est,
636 3075 667 3124 et
685 3064 721 3124 de
736 3063 838 3126 formis
850 3073 1010 3142 uehemens,
1025 3075 1169 3140 prehendo
1181 3087 1237 3147 pro
1251 3091 1303 3125 ve-

200 3195 293 3248 mens,
309 3178 419 3245 prendo
436 3167 503 3230 ride
521 3165 580 3228 alio
598 3165 678 3228 loco.
707 3164 856 3251 Augustus
874 3167 961 3228 etiam
979 3147 1105 3228 catriturrt
1124 3165 1224 3228 dicere
1243 3190 1303 3249 pro

201 3282 317 3336 caldum
337 3272 472 3334 odiosum
495 3267 641 3332 iudicabat
665 3279 696 3328 ct
713 3262 866 3354 περίεργον,
889 3281 963 3330 teste
983 3267 1111 3344 Quintil.
1124 3269 1219 3332 Instit.
1232 3272 1261 3346 Ι,
1276 3275 1303 3330 6.

201 3375 314 3462 Tamen
331 3386 432 3455 postca
449 3373 538 3456 magis
557 3369 715 3445 increbuit,
736 3370 787 3431 scd
799 3380 885 3430 calda
901 3395 979 3448 aqua
994 3363 1137 3458 (θέρμων)
1151 3371 1304 3432 retineba-

200 3489 259 3540 tur.
285 3476 353 3537 Vid.
374 3473 590 3536 Forcellini.
623 3461 779 3534 Geniuvus
792 3495 834 3557 sg.
854 3480 900 3532 -r'r'
915 3473 1052 3554 usquead
1066 3472 1229 3558 Augustum
1245 3473 1305 3533 fuit

200 3586 246 3652 -r‘;
270 3575 387 3658 quintae
408 3575 608 3638 declinationis
627 3574 789 3660 genitivum
811 3585 841 3635 et
860 3575 987 3637 dativum
1008 3597 1103 3638 casum
1127 3573 1199 3639 olim
1219 3575 1305 3636 dixe·

200 3690 283 3742 runt:
301 3685 356 3754 dt,
375 3689 405 3738 et
422 3678 516 3742 adhuc
531 3677 637 3738 Caesar
654 3679 685 3738 in
697 3677 829 3761 genitivo
843 3677 960 3758 quidem
973 3677 1108 3760 probavit
1125 3701 1161 3736 -e
1179 3699 1235 3766 pro
1256 3685 1306 3736 -er‘

200 3780 436 3863 (Schneidll.
449 3801 480 3862 p.
486 3779 565 3859 355.)
589 3779 635 3840 Ita
646 3780 789 3842 secundae
802 3779 1004 3842 declinationis
1015 3779 1160 3864 genitivus
1172 3777 1213 3862 pl.
1227 3779 1304 3842 olim

201 3883 337 3948 omnibus
349 3883 380 3943 in
393 3880 542 3944 vocabulis
560 3907 629 3942 -um
646 3881 835 3960 formabatur,
854 3893 957 3964 postea
974 3881 1038 3942 sere
1054 3879 1164 3962 ubique
1182 3907 1303 3954 -orum3

201 3987 294 4050 sedin
314 3985 401 4049 certis
414 3983 584 4066 quibusdam
594 3984 704 4048 usitatis
715 3985 811 4048 verbis
825 3983 934 4046 Cicero
948 3983 1042 4044 adbuc
1054 3985 1185 4061 retinuit,
1204 3985 1303 4066 deque

163 4120 166 4126 ¹
201 4089 251 4167 iis,
274 4089 324 4171 qui
343 4109 425 4152 secus
443 4085 575 4150 iacerent
593 4087 839 4166 (Orat.d6.155.)
859 4085 943 4146 dixit:
966 4082 1023 4160 „A
1041 4085 1212 4166 quibusdam
1231 4107 1302 4148 sero

201 4191 258 4252 iarn
276 4193 447 4254 emendatur
463 4188 643 4272 antiquius?
670 4189 748 4250 Inde
765 4189 831 4250 satis
848 4187 1018 4268 elucebunt,
1037 4209 1110 4270 quae
1130 4189 1167 4251 de
1179 4190 1303 4254 Latinae

202 4292 319 4378 liuguae
332 4293 411 4374 quasi
423 4293 542 4356 inverso
556 4313 641 4356 cursu
654 4290 723 4370 dixi.
