2694 4978
31 577 171 674 ginum
201 569 356 660 litterae,
391 593 505 669 quum
536 561 1142 666 omnes1soilioet‘ltaliaepopuli

32 699 83 770 ab
112 697 279 770 Etruscis
310 696 574 766 instruerentur
603 687 831 790 litteratura?
865 685 1004 782 Quidni
1034 705 1140 790 pute-

30 849 138 914 mus,
168 820 305 894 litteras
322 814 575 890 Romanorum
595 815 716 918 detq
744 828 781 886 et
806 812 893 886 alias
918 815 1142 915 antiquiores

33 971 134 1037 esse,
165 969 274 1045 quam
297 939 701 1014 omnem'Etruscorum
723 937 987 1011 litteraturam?
1011 931 1144 1022 Neutri
1170 995 1178 1004 .

31 1050 165 1142 tamen
195 1093 240 1142 ex
271 1064 328 1138 bis
361 1061 407 1137 de
432 1062 632 1138 Demarato
665 1059 786 1164 deque
814 1059 987 1138 Evandro
1019 1087 1142 1134 narra-

31 1194 206 1266 tionibus
222 1205 365 1264 tantum
381 1190 557 1268 momenti
570 1187 732 1292 tribuere
749 1189 923 1278 inanimo
938 1201 1006 1278 est,
1028 1213 1142 1288 quan-

32 1333 117 1392 tum
144 1315 253 1390 alteri
278 1310 324 1386 de
346 1295 544 1386 Demarato
571 1310 839 1388 consueverunt
863 1309 1054 1414 hucusque
1078 1315 1143 1386 tri-

31 1443 171 1516 buere.
216 1435 262 1512 Id
285 1434 399 1512 modo
423 1439 570 1538 utrique
595 1438 672 1512 veri
698 1435 845 1508 subesse
872 1439 1050 1539 suspicor,
1080 1462 1142 1510 ex-

33 1569 176 1641 stitisse
196 1589 216 1636 a
233 1563 418 1662 principio
437 1574 573 1632 arctam
591 1558 751 1658 aliquam
769 1563 1066 1634 coniunctionem
1088 1565 1143 1636 in-

31 1705 97 1763 ter
125 1685 309 1760 Graecam
332 1681 551 1783 Italicasque
577 1684 788 1783 scripturas,
813 1680 961 1782 qualem
984 1683 1070 1790 fere
1089 1687 1144 1760 in-

32 1829 98 1894 ter
125 1813 223 1913 ipsas
249 1831 399 1910 quoque
425 1805 564 1906 linguas
581 1821 736 1880 statuas.
791 1802 913 1898 Quam
937 1821 980 1880 ut
1004 1805 1144 1908 lingua-

5 1929 6 1932 *
33 1963 126 2010 rum
145 1933 400 2034 cognationem
415 1929 489 2031 alio
504 1928 592 2004 loco
610 1926 655 2002 ad
668 1928 839 2031 Pelasgos
856 1933 1019 2006 revocari
1034 1957 1146 2034 posse

34 2057 220 2149 dicemus,
252 2058 390 2158 quippe
418 2080 511 2156 quos
536 2057 617 2155 pari
642 2056 720 2128 iure
745 2031 871 2128 Italiae
897 2071 1008 2157 atque
1030 2055 1145 2131 Grae-

35 2185 118 2256 ciae
145 2179 282 2268 habere
307 2177 416 2253 liceat
439 2181 579 2281 primos
605 2177 841 2270 habitatores,
873 2181 923 2252 ita
949 2183 1144 2283 scriptura-
1185 2191 1187 2198 ’

34 2333 125 2378 rum
152 2303 303 2406 quoque
327 2329 546 2379 consensum
571 2305 601 2378 si
628 2306 709 2405 quis
733 2300 971 2405 Pelasgorum
995 2309 1146 2396 nornine

35 2429 121 2505 vult
141 2403 338 2530 explicare,
367 2454 445 2501 non
462 2425 585 2517 video,
617 2425 706 2526 quid
726 2427 860 2500 obstet.
901 2427 998 2502 Nam
1015 2433 1055 2504 in
1072 2429 1148 2505 boc

39 2557 156 2628 etiam
177 2567 331 2640 ceterae,
362 2575 452 2649 quas
472 2551 573 2640 novi,
604 2572 730 2620 omnes
757 2553 990 2624 consentiunt
1015 2550 1060 2626 de
1085 2554 1146 2628 lit-

36 2695 204 2751 terarum
222 2675 429 2748 invectione
448 2673 687 2762 narrationes,
717 2697 832 2773 quum
850 2697 928 2744 non
945 2675 998 2752 ad
1013 2678 1147 2750 Etrus·
1211 2701 1218 2710 ’

37 2829 113 2892 cos,
143 2795 207 2872 sed
234 2802 273 2871 in
296 2799 441 2872 qulio‘m
467 2797 612 2870 allatam
638 2820 716 2869 esse
741 2793 1143 2875 dicant—litteraturam.
1200 2841 1201 2845 =
1303 2833 1306 2840 ·

31 2924 243 3024 ,Dionysius
261 2925 368 2996 'enim
394 2921 520 3020 (lib.I.
541 2947 574 2994 c.
588 2922 671 3020 21.)
695 2919 826 2994 refert:
858 2913 1010 3010 λέγονται
1034 2918 1068 2998 δὲ
1093 2922 1148 2999 aul

38 3035 251 3154 γραμμάτων
277 3044 473 3131 Ἑλληνικῶν
500 3038 621 3152 χρῆσιν
650 3046 703 3119 εἷς
722 3039 903 3118 Ἰταλίαν
931 3048 1051 3154 πρῶτοι
1077 3044 1162 3124 ltu·

42 3165 181 3262 κομίσαι
212 3163 302 3244 vewrl
328 3172 485 3266 φανεῖσαν
509 3158 662 3276 Ἀρκάσι.
716 3167 880 3272 Hyginus
907 3171 999 3270 (fab.
1017 3173 1143 3271 277.):

45 3296 157 3387 „Has
175 3309 297 3367 autem
311 3291 470 3367 Graecas
486 3291 654 3392 (litteras)
666 3292 870 3366 Mercurius
886 3297 925 3366 in
937 3294 1146 3397 Aegyptum

42 3423 184 3520 primus
198 3416 370 3496 detulisse
387 3415 533 3508 dicitur,
554 3443 600 3490 ex
611 3415 782 3518 Aegypto
799 3414 959 3490 Cadmus
976 3419 1016 3491 in
1030 3417 1147 3494 Grae·

44 3547 152 3636 ciam,
181 3569 270 3645 quas
289 3539 479 3617 Evandrus
500 3540 677 3644 profugus
702 3565 747 3614 ex
763 3537 918 3614 Arcadia
945 3547 981 3614 in
1000 3545 1145 3618 Italiam

43 3666 241 3760 transtulit,
272 3691 364 3768 quas
381 3681 496 3738 mater
516 3669 593 3738 eius
614 3655 809 3744 Carmenta
829 3669 866 3739 in
885 3667 1034 3741 Latinus
1052 3697 1145 3744 cont-

45 3777 306 3862 nzuuutatd’
349 3787 489 3864 Plinius
515 3789 581 3887 (H.
593 3786 643 3862 N.
653 3787 738 3881 VII,
759 3791 860 3890 56.):
892 3793 976 3882 „In
1003 3795 1146 3866 Latium

46 3939 107 3986 eas
127 3913 328 3988 intulerunt
347 3911 541 4010 Pelasgi.”
577 3912 757 3986 Maximus
774 3913 983 3988 Victorinus
1003 3915 1066 4013 (A.
1080 3915 1145 3990 Gr.

45 4065 85 4140 p.
101 4033 250 4136 1944.),:
283 4037 398 4129 „Hae
416 4052 543 4112 autore
562 4033 748 4128 Evandro,
771 4053 813 4112 ut
831 4036 981 4140 quidam
998 4038 1142 4132 volunt,
1191 4135 1200 4146 ἱ

47 4161 108 4236 alii
125 4187 215 4240 vero
234 4159 393 4236 Hercule
419 4167 457 4236 in
475 4162 619 4255 luiltum
640 4187 660 4234 a
678 4160 837 4264 Pelasgis
863 4160 993 4236 allatae
1019 4163 1145 4240 sunt.’'
1267 4185 1271 4188 “

45 4284 181 4362 Marius
201 4283 412 4361 Victorinus
437 4284 497 4386 (A.
506 4285 570 4364 Gr.
587 4285 651 4360 lib.
659 4285 688 4359 I.
705 4312 745 4390 p.
757 4287 903 4388 2468.)’;
932 4274 1144 4392 „Reperto-
