2702 4980
581 381 759 468 89·

59 605 151 651 num
179 579 420 652 monumentis
451 578 671 678 reperiatur3
706 577 867 676 itemque
891 603 918 675 p
941 577 1082 652 litterae
1109 583 1154 652 si-

57 728 173 802 gnum
207 705 245 793 Γ,
288 698 387 802 quod
421 704 459 773 in
492 695 637 772 duobus
668 713 810 772 tantum
843 696 1023 794 distichis,
1063 730 1156 804 quae

27 863 31 872 ·
58 841 302 898 monumento
334 824 404 899 Cn.
433 821 598 898 Cornelii
633 820 703 896 Cn.
728 822 755 896 f.
790 820 973 926 Scipionis
1005 825 1157 928 Hispani

57 946 199 1022 adiecta
224 964 321 1041 sunt,
357 964 394 1022 et
419 973 512 1050 quae
538 950 726 1049 superiore
752 949 990 1050 inscriptione
1015 952 1158 1023 iuniora

7 1095 9 1100 ·
56 1089 152 1174 puto
165 1071 267 1173 (247),Ι
290 1078 314 1146 Ρ
335 1071 538 1146 exhibetur.
567 1069 723 1144 Lineola
743 1069 819 1162 illa,
845 1097 939 1174 quae
959 1101 981 1174 q
1000 1072 1159 1147 litteram

7 1247 8 1292 ,
58 1194 253 1300 distinquit
279 1197 324 1270 ab
351 1225 371 1268 o
394 1196 528 1288 littera,
557 1198 596 1268 in
624 1184 769 1268 duobus
796 1199 1054 1299 antiquissimis
1080 1225 1158 1272 mo-

7 1361 9 1424 ,
56 1324 243 1394 numentis
261 1321 388 1424 paullo
404 1322 553 1396 brevior
573 1335 639 1412 est,
664 1345 774 1422 quam
792 1323 1100 1423 insequentibus,
1124 1337 1161 1396 et

56 1449 173 1548 magis
196 1444 335 1520 accedit
360 1443 405 1518 ad
426 1445 636 1546 Eugubinas
656 1444 812 1518 tabulas.
847 1444 980 1520 Forma
1001 1443 1159 1554 denique

55 1571 72 1641 l
96 1569 240 1642 litterae
267 1557 306 1642 in
331 1567 476 1641 duobus
501 1566 574 1640 illis
599 1567 714 1640 titulis
741 1565 870 1641 eadem
895 1585 961 1661 est,
1002 1597 1096 1672 quae
1122 1575 1162 1645 in'

58 1695 319 1794 antiquissimis
344 1689 494 1766 Graecis
527 1705 637 1793 atque
670 1693 709 1764 in
739 1691 919 1783 Etruscis,
955 1692 1159 1788 Umbricis,

61 1815 170 1890 Oscis
198 1819 237 1909 b,
272 1821 310 1889 in
336 1795 464 1891 ceteris
492 1793 665 1889 omnibus·
689 1813 730 1888 t.
766 1815 881 1898 ,Haeo
912 1819 1077 1920 inprimis
1109 1836 1163 1893 est

6 1991 8 2016 π
58 1941 197 2033 littera,
227 1967 321 2042 quae
348 1966 407 2014 me
433 1937 593 2031 adducit,
621 1956 664 2013 ut
687 1941 898 2042 Euguhinas
922 1941 1065 2016 tabulas
1090 1943 1161 2016 La-

6 2098 10 2141 :
58 2068 138 2138 tine
159 2068 322 2167 scriptas,
353 2092 467 2167 quum
487 2089 565 2138 non
587 2068 609 2138 b
628 2061 697 2138 sed.
715 2067 744 2138 l.
765 2057 972 2160 exhibeant,
1002 2071 1163 2144 iuniores

7 2240 10 2248 ·
59 2186 233 2281 iudicem,
265 2215 375 2292 quam
398 2188 462 2262 illa
484 2186 701 2290 Scipionum
721 2207 970 2266 monumenta.
1007 2190 1162 2266 Formae

9 2295 11 2375 Ῐ
61 2316 162 2386 enim
187 2317 262 2386 l'et
278 2318 329 2390 Ο·
350 2317 526 2387 maiorem
552 2316 807 2423 antiquitatem
833 2318 999 2390 evincere
1024 2342 1162 2418 neque.

61 2453 141 2530 unt,
180 2439 228 2510 ita
261 2453 315 2528 ut,
354 2465 468 2537 quum
500 2461 608 2536 supra
640 2440 838 2508 terminum
871 2442 1164 2514 constituerimus

62 2588 200 2636 annum
224 2575 310 2661 post
334 2557 384 2632 U.
402 2585 434 2632 c.
463 2556 540 2631 fere
568 2563 655 2648 too,
686 2573 768 2630 ante
796 2571 907 2660 quem
932 2559 1084 2634 Latinae
1110 2580 1162 2636 ta·

61 2687 172 2759 bulae
193 2687 387 2785 inscriptae
411 2707 488 2756 esse
510 2685 762 2784 nonpossint,
792 2686 864 2754 iam
884 2685 1065 2784 integrum
1086 2711 1162 2758 sae-

62 2799 189 2884 culum
221 2806 376 2882 adiicere
410 2806 607 2881 debeamus
641 2804 686 2880 ad
720 2809 923 2880 minimum.
972 2806 1032 2880 Ad
1068 2813 1164 2912 ipsas

60 2933 200 3008 litteras
234 2929 333 3034 quod
368 2935 515 3017 attinet,
556 2934 690 3034 passim
729 2927 930 3006 adhibitam
963 2937 1165 3036 reperimus

61 3057 224 3131 litteram
247 3083 284 3155 g,
323 3081 416 3159 quae
444 3083 558 3158 quum
585 3059 625 3126 in
649 3054 798 3128 Barbati
824 3075 1065 3132 monumento
1093 3063 1164 3132 iam

62 3184 279 3286 reperiatur,
314 3207 391 3255 non
422 3179 539 3254 multo
571 3194 694 3253 tamen
724 3196 807 3254 ante
834 3184 988 3258 inventa·
1005 3181 1160 3259 videtur.

62 3306 106 3381 L.
125 3303 372 3381 Schneiderus
404 3301 566 3379 secundo
600 3302 747 3379 demum
775 3304 877 3378 hello
904 3303 1045 3378 Punico
1071 3303 1166 3379 hanc

63 3429 224 3506 litteram
249 3434 434 3505 inventam
458 3445 581 3534 putat:
610 3445 647 3504 at
670 3426 858 3502 Plutarchi
875 3425 955 3528 (²⁴⁸)
980 3430 1093 3505 verba
1119 3428 1165 3504 de

66 3589 269 3601 —-—

114 3701 195 3781 (247)
222 3697 324 3774 Quum
336 3695 367 3758 in
376 3696 481 3759 ceteris
489 3694 684 3759 monumentis
694 3695 836 3788 legamus:
849 3703 954 3767 aiddu,
967 3706 1070 3768 utitem,
1083 3707 1166 3776 quar·-

65 3811 148 3870 ran's,
167 3814 254 3882 atque
268 3801 298 3862 in
313 3799 440 3862 eiusdem
453 3799 510 3861 saxi
524 3799 621 3862 verbis
634 3799 858 3882 suprascriptis:
877 3781 965 3866 ΑΗ).
981 3803 1117 3882 (antido),
1135 3801 1167 3860 in

66 3901 110 3964 his
128 3904 260 3968 versibus
279 3903 429 3966 scribitur:
447 3911 603 3975 lactentum
623 3927 653 3960 m
666 3902 752 3964 finale
771 3925 832 3964 non
848 3901 997 3976 abiiciiur3
1015 3913 1106 3963 honor
1118 3923 1167 3962 ex-

5 4065 7 4082 ,
66 4002 195 4082 hibetur,
220 4027 281 4066 non
298 4016 402 4082 tonos,
429 4017 461 4068 ut
479 3994 515 4064 in
531 4004 661 4066 eiusdem
680 4005 743 4067 lere
763 4006 904 4087 temporis
923 4015 1113 4068 monumento
1131 4005 1166 4064 L.

5 4111 6 4140 ³
71 4105 204 4170 Cornelii
218 4108 273 4170 Cu.
289 4108 310 4167 l.
325 4108 380 4169 Cn.
394 4129 423 4169 n.

118 4212 198 4292 (24⁸)
223 4211 318 4272 Plut.
342 4216 460 4289 Quaeri.
481 4233 509 4292 p·
523 4217 587 4276 277.
605 4211 645 4272 D.
665 4209 711 4270 ed.
731 4207 827 4270 Frcl'.t
852 4200 912 4283 o'sbd
934 4205 990 4292 γὰρ
1009 4201 1168 4294 ἐχρήσαντο

5 4317 22 4384 ἲ4
71 4312 220 4391 (Romani)
240 4316 281 4390 aqi
298 4302 400 4390 γάμμα
414 4305 571 4399 Καρβιλίου
591 4305 711 4397 Σπορίου
725 4301 963 4397 προςεξευρὸντος.
996 4308 1095 4385 Quum
1111 4311 1167 4370 boc
