<?xml version="1.0" encoding="UTF-8"?>
<!DOCTYPE html PUBLIC "-//W3C//DTD XHTML 1.0 Transitional//EN"
    "http://www.w3.org/TR/xhtml1/DTD/xhtml1-transitional.dtd">
<html xmlns="http://www.w3.org/1999/xhtml" xml:lang="en" lang="en">
 <head>
  <title>
</title>
<meta http-equiv="Content-Type" content="text/html;charset=utf-8" />
  <meta name='ocr-system' content='tesseract 3.04.00' />
  <meta name='ocr-capabilities' content='ocr_page ocr_carea ocr_par ocr_line ocrx_word'/>
</head>
<body>
  <div class='ocr_page' id='page_1' title='image "./detabuliseugubi00lepsgoog_0026.png"; bbox 0 0 2694 4978; ppageno 0'>
   <div class='ocr_carea' id='block_1_1' title="bbox 569 389 623 476">
    <p class='ocr_par' dir='ltr' id='par_1_1' title="bbox 569 389 623 476">
     <span class='ocr_line' id='line_1_1' title="bbox 569 389 623 476; baseline 0 0"><span class='ocrx_word' id='word_1_1' title='bbox 569 389 623 476; x_wconf 90' lang='grc'><strong>19</strong></span> 
     </span>
    </p>
   </div>
   <div class='ocr_carea' id='block_1_2' title="bbox 9 573 1249 2919">
    <p class='ocr_par' dir='ltr' id='par_1_2' title="bbox 9 573 1249 2919">
     <span class='ocr_line' id='line_1_2' title="bbox 31 573 1140 684; baseline 0.001 -25"><span class='ocrx_word' id='word_1_2' title='bbox 31 585 128 659; x_wconf 90' lang='lat' dir='ltr'><strong>tulit</strong></span> <span class='ocrx_word' id='word_1_3' title='bbox 153 581 394 675; x_wconf 85' lang='lat' dir='ltr'><strong>Passerius,</strong></span> <span class='ocrx_word' id='word_1_4' title='bbox 424 585 515 674; x_wconf 89' lang='lat' dir='ltr'><strong>iure,</strong></span> <span class='ocrx_word' id='word_1_5' title='bbox 544 583 574 654; x_wconf 88' lang='lat' dir='ltr'><strong>si</strong></span> <span class='ocrx_word' id='word_1_6' title='bbox 594 578 804 673; x_wconf 87' lang='lat' dir='ltr'><strong>dicendum,</strong></span> <span class='ocrx_word' id='word_1_7' title='bbox 833 581 940 684; x_wconf 84' lang='lat' dir='ltr'><strong>quod</strong></span> <span class='ocrx_word' id='word_1_8' title='bbox 953 573 1140 678; x_wconf 81' lang='lat' dir='ltr'><strong>sentimus,</strong></span> 
     </span>
     <span class='ocr_line' id='line_1_3' title="bbox 29 687 1142 812; baseline 0.003 -30"><span class='ocrx_word' id='word_1_9' title='bbox 29 733 194 812; x_wconf 86' lang='lat' dir='ltr'><strong>prorsus</strong></span> <span class='ocrx_word' id='word_1_10' title='bbox 216 705 334 782; x_wconf 90' lang='lat' dir='ltr'><strong>nullo.</strong></span> <span class='ocrx_word' id='word_1_11' title='bbox 388 687 553 781; x_wconf 82' lang='lat' dir='ltr'><strong>Primum</strong></span> <span class='ocrx_word' id='word_1_12' title='bbox 572 731 611 780; x_wconf 88' lang='lat' dir='ltr'><strong>se</strong></span> <span class='ocrx_word' id='word_1_13' title='bbox 631 702 840 780; x_wconf 82' lang='lat' dir='ltr'><strong>adcinxerat</strong></span> <span class='ocrx_word' id='word_1_14' title='bbox 860 705 905 782; x_wconf 88' lang='lat' dir='ltr'><strong>ad</strong></span> <span class='ocrx_word' id='word_1_15' title='bbox 925 708 1067 783; x_wconf 86' lang='lat' dir='ltr'><strong>tabulas</strong></span> <span class='ocrx_word' id='word_1_16' title='bbox 1086 713 1142 786; x_wconf 89' lang='lat' dir='ltr'><strong>in·</strong></span> 
     </span>
     <span class='ocr_line' id='line_1_4' title="bbox 30 829 1144 936; baseline -0.001 -28"><span class='ocrx_word' id='word_1_17' title='bbox 30 829 294 936; x_wconf 88' lang='lat' dir='ltr'><strong>terpretandas</strong></span> <span class='ocrx_word' id='word_1_18' title='bbox 321 834 361 910; x_wconf 88' lang='lat' dir='ltr'><strong>in</strong></span> <span class='ocrx_word' id='word_1_19' title='bbox 379 833 520 906; x_wconf 78' lang='lat' dir='ltr'><strong>Litteris</strong></span> <span class='ocrx_word' id='word_1_20' title='bbox 539 829 918 932; x_wconf 67' lang='lat' dir='ltr'><strong>chcalr&#39;ensz‘bus(⁴⁷),</strong></span> <span class='ocrx_word' id='word_1_21' title='bbox 946 836 985 907; x_wconf 88' lang='lat' dir='ltr'><strong>in</strong></span> <span class='ocrx_word' id='word_1_22' title='bbox 1011 835 1144 936; x_wconf 87' lang='lat' dir='ltr'><strong>quibus</strong></span> 
     </span>
     <span class='ocr_line' id='line_1_5' title="bbox 31 952 1141 1060; baseline 0.005 -30"><span class='ocrx_word' id='word_1_23' title='bbox 31 973 131 1060; x_wconf 91' lang='lat' dir='ltr'><strong>post</strong></span> <span class='ocrx_word' id='word_1_24' title='bbox 149 955 371 1048; x_wconf 87' lang='lat' dir='ltr'><strong>Bonarotam</strong></span> <span class='ocrx_word' id='word_1_25' title='bbox 397 952 576 1029; x_wconf 85' lang='lat' dir='ltr'><strong>secundus</strong></span> <span class='ocrx_word' id='word_1_26' title='bbox 598 952 763 1030; x_wconf 83' lang='lat' dir='ltr'><strong>exhibuit</strong></span> <span class='ocrx_word' id='word_1_27' title='bbox 781 959 966 1032; x_wconf 86' lang='lat' dir='ltr'><strong>universas</strong></span> <span class='ocrx_word' id='word_1_28' title='bbox 986 957 1141 1053; x_wconf 82' lang='lat' dir='ltr'><strong>tabulis,</strong></span> 
     </span>
     <span class='ocr_line' id='line_1_6' title="bbox 9 1077 1165 1194; baseline 0.001 -38"><span class='ocrx_word' id='word_1_29' title='bbox 9 1095 164 1183; x_wconf 74' lang='lat' dir='ltr'><strong>‘neque</strong></span> <span class='ocrx_word' id='word_1_30' title='bbox 189 1105 279 1158; x_wconf 83' lang='lat' dir='ltr'><strong>vero</strong></span> <span class='ocrx_word' id='word_1_31' title='bbox 303 1084 377 1154; x_wconf 88' lang='lat' dir='ltr'><strong>suis</strong></span> <span class='ocrx_word' id='word_1_32' title='bbox 404 1105 588 1182; x_wconf 90' lang='lat' dir='ltr'><strong>quamque</strong></span> <span class='ocrx_word' id='word_1_33' title='bbox 614 1079 758 1172; x_wconf 87' lang='lat' dir='ltr'><strong>litteris,</strong></span> <span class='ocrx_word' id='word_1_34' title='bbox 787 1077 852 1154; x_wconf 88' lang='lat' dir='ltr'><strong>sed</strong></span> <span class='ocrx_word' id='word_1_35' title='bbox 876 1078 999 1182; x_wconf 90' lang='lat' dir='ltr'><strong>quoad</strong></span> <span class='ocrx_word' id='word_1_36' title='bbox 1023 1081 1165 1194; x_wconf 74' lang='lat' dir='ltr'><strong>legere</strong></span> 
     </span>
     <span class='ocr_line' id='line_1_7' title="bbox 31 1201 1145 1308; baseline 0.004 -30"><span class='ocrx_word' id='word_1_37' title='bbox 31 1219 200 1308; x_wconf 89' lang='lat' dir='ltr'><strong>poterat,</strong></span> <span class='ocrx_word' id='word_1_38' title='bbox 228 1203 290 1280; x_wconf 76' lang='lat' dir='ltr'><strong>vel</strong></span> <span class='ocrx_word' id='word_1_39' title='bbox 310 1231 387 1278; x_wconf 89' lang='lat' dir='ltr'><strong>non</strong></span> <span class='ocrx_word' id='word_1_40' title='bbox 406 1219 565 1306; x_wconf 89' lang='lat' dir='ltr'><strong>poterat,</strong></span> <span class='ocrx_word' id='word_1_41' title='bbox 593 1201 724 1278; x_wconf 89' lang='lat' dir='ltr'><strong>litteris</strong></span> <span class='ocrx_word' id='word_1_42' title='bbox 747 1229 873 1278; x_wconf 89' lang='lat' dir='ltr'><strong>omnes</strong></span> <span class='ocrx_word' id='word_1_43' title='bbox 893 1203 1046 1280; x_wconf 87' lang='lat' dir='ltr'><strong>Latinis.</strong></span> <span class='ocrx_word' id='word_1_44' title='bbox 1099 1206 1145 1282; x_wconf 92' lang='lat' dir='ltr'><strong>Iu</strong></span> 
     </span>
     <span class='ocr_line' id='line_1_8' title="bbox 32 1311 1145 1432; baseline 0.004 -32"><span class='ocrx_word' id='word_1_45' title='bbox 32 1327 297 1432; x_wconf 70' lang='lat' dir='ltr'><strong>dispositione.</strong></span> <span class='ocrx_word' id='word_1_46' title='bbox 316 1327 522 1404; x_wconf 72' lang='lat' dir='ltr'><strong>tabidarum</strong></span> <span class='ocrx_word' id='word_1_47' title='bbox 556 1311 715 1431; x_wconf 74' lang='lat' dir='ltr'><strong>proiecit</strong></span> <span class='ocrx_word' id='word_1_48' title='bbox 744 1327 959 1430; x_wconf 85' lang='lat' dir='ltr'><strong>Bourguetii</strong></span> <span class='ocrx_word' id='word_1_49' title='bbox 973 1327 1040 1431; x_wconf 74' lang='lat'>(⁴³)</span> <span class='ocrx_word' id='word_1_50' title='bbox 1077 1332 1145 1407; x_wconf 88' lang='lat' dir='ltr'><strong>ob·</strong></span> 
     </span>
     <span class='ocr_line' id='line_1_9' title="bbox 32 1448 1142 1555; baseline 0.003 -29"><span class='ocrx_word' id='word_1_51' title='bbox 32 1455 250 1530; x_wconf 78' lang='lat' dir='ltr'><strong>servatione</strong></span> <span class='ocrx_word' id='word_1_52' title='bbox 278 1449 324 1526; x_wconf 91' lang='lat' dir='ltr'><strong>de</strong></span> <span class='ocrx_word' id='word_1_53' title='bbox 355 1455 490 1527; x_wconf 88' lang='lat' dir='ltr'><strong>rectius</strong></span> <span class='ocrx_word' id='word_1_54' title='bbox 523 1448 762 1555; x_wconf 80' lang='lat' dir='ltr'><strong>disponendis</strong></span> <span class='ocrx_word' id='word_1_55' title='bbox 791 1453 925 1528; x_wconf 86' lang='lat' dir='ltr'><strong>tabulis</strong></span> <span class='ocrx_word' id='word_1_56' title='bbox 943 1481 994 1530; x_wconf 86' lang='lat' dir='ltr'><strong>1v.</strong></span> <span class='ocrx_word' id='word_1_57' title='bbox 1024 1470 1062 1532; x_wconf 89' lang='lat' dir='ltr'><strong>et</strong></span> <span class='ocrx_word' id='word_1_58' title='bbox 1090 1482 1142 1530; x_wconf 85' lang='lat' dir='ltr'><strong>v1.</strong></span> 
     </span>
     <span class='ocr_line' id='line_1_10' title="bbox 30 1567 1144 1680; baseline 0.004 -30"><span class='ocrx_word' id='word_1_59' title='bbox 30 1575 220 1651; x_wconf 86' lang='lat' dir='ltr'><strong>Adiunxit</strong></span> <span class='ocrx_word' id='word_1_60' title='bbox 232 1574 300 1675; x_wconf 68' lang='lat'>(⁴⁹)</span> <span class='ocrx_word' id='word_1_61' title='bbox 330 1601 522 1651; x_wconf 78' lang='lat' dir='ltr'><strong>recensum</strong></span> <span class='ocrx_word' id='word_1_62' title='bbox 551 1577 750 1650; x_wconf 83' lang='lat' dir='ltr'><strong>verborum</strong></span> <span class='ocrx_word' id='word_1_63' title='bbox 778 1579 817 1680; x_wconf 86' lang='lat' dir='ltr'><strong>in</strong></span> <span class='ocrx_word' id='word_1_64' title='bbox 843 1575 997 1652; x_wconf 81' lang='lat' dir='ltr'><strong>Tabulis</strong></span> <span class='ocrx_word' id='word_1_65' title='bbox 1021 1567 1144 1680; x_wconf 83' lang='lat' dir='ltr'><strong>Engu-</strong></span> 
     </span>
     <span class='ocr_line' id='line_1_11' title="bbox 30 1683 1146 1802; baseline 0.004 -29"><span class='ocrx_word' id='word_1_66' title='bbox 30 1703 140 1775; x_wconf 87' lang='lat' dir='ltr'><strong>binis</strong></span> <span class='ocrx_word' id='word_1_67' title='bbox 179 1713 430 1800; x_wconf 88' lang='lat' dir='ltr'><strong>repertorum,</strong></span> <span class='ocrx_word' id='word_1_68' title='bbox 472 1713 573 1772; x_wconf 88' lang='lat' dir='ltr'><strong>recte</strong></span> <span class='ocrx_word' id='word_1_69' title='bbox 611 1699 856 1802; x_wconf 86' lang='lat' dir='ltr'><strong>perspiciens,</strong></span> <span class='ocrx_word' id='word_1_70' title='bbox 901 1716 1058 1801; x_wconf 87' lang='lat' dir='ltr'><strong>quantae</strong></span> <span class='ocrx_word' id='word_1_71' title='bbox 1089 1683 1146 1778; x_wconf 86' lang='lat' dir='ltr'><strong>his¹</strong></span> 
     </span>
     <span class='ocr_line' id='line_1_12' title="bbox 31 1819 1145 1926; baseline 0.002 -28"><span class='ocrx_word' id='word_1_72' title='bbox 31 1819 171 1898; x_wconf 89' lang='lat' dir='ltr'><strong>studiis</strong></span> <span class='ocrx_word' id='word_1_73' title='bbox 197 1847 275 1900; x_wconf 85' lang='lat' dir='ltr'><strong>esse</strong></span> <span class='ocrx_word' id='word_1_74' title='bbox 294 1825 411 1926; x_wconf 85' lang='lat' dir='ltr'><strong>possit</strong></span> <span class='ocrx_word' id='word_1_75' title='bbox 428 1821 605 1896; x_wconf 86' lang='lat' dir='ltr'><strong>utilitatis.</strong></span> <span class='ocrx_word' id='word_1_76' title='bbox 658 1820 780 1896; x_wconf 91' lang='lat' dir='ltr'><strong>Simul</strong></span> <span class='ocrx_word' id='word_1_77' title='bbox 798 1847 888 1899; x_wconf 83' lang='lat' dir='ltr'><strong>vero</strong></span> <span class='ocrx_word' id='word_1_78' title='bbox 910 1849 1059 1900; x_wconf 85' lang='lat' dir='ltr'><strong>omnem</strong></span> <span class='ocrx_word' id='word_1_79' title='bbox 1078 1852 1145 1918; x_wconf 91' lang='lat' dir='ltr'><strong>suo</strong></span> 
     </span>
     <span class='ocr_line' id='line_1_13' title="bbox 31 1943 1145 2049; baseline 0.003 -28"><span class='ocrx_word' id='word_1_80' title='bbox 31 1948 163 2022; x_wconf 89' lang='lat' dir='ltr'><strong>labori</strong></span> <span class='ocrx_word' id='word_1_81' title='bbox 180 1943 354 2038; x_wconf 73' lang='lat' dir='ltr'><strong>uibduxit</strong></span> <span class='ocrx_word' id='word_1_82' title='bbox 370 1945 578 2038; x_wconf 83' lang='lat' dir='ltr'><strong>utilitatem,</strong></span> <span class='ocrx_word' id='word_1_83' title='bbox 601 1949 666 2048; x_wconf 86' lang='lat' dir='ltr'><strong>qui</strong></span> <span class='ocrx_word' id='word_1_84' title='bbox 683 1971 805 2049; x_wconf 80' lang='lat' dir='ltr'><strong>neque</strong></span> <span class='ocrx_word' id='word_1_85' title='bbox 824 1943 870 2022; x_wconf 88' lang='lat' dir='ltr'><strong>ad</strong></span> <span class='ocrx_word' id='word_1_86' title='bbox 888 1973 1004 2022; x_wconf 85' lang='lat' dir='ltr'><strong>unum</strong></span> <span class='ocrx_word' id='word_1_87' title='bbox 1023 1953 1145 2024; x_wconf 88' lang='lat' dir='ltr'><strong>omnia</strong></span> 
     </span>
     <span class='ocr_line' id='line_1_14' title="bbox 31 2065 1249 2176; baseline 0.002 -30"><span class='ocrx_word' id='word_1_88' title='bbox 31 2073 223 2148; x_wconf 81' lang='lat' dir='ltr'><strong>notaverit</strong></span> <span class='ocrx_word' id='word_1_89' title='bbox 250 2069 448 2163; x_wconf 83' lang='lat' dir='ltr'><strong>vocabula,</strong></span> <span class='ocrx_word' id='word_1_90' title='bbox 491 2095 613 2173; x_wconf 84' lang='lat' dir='ltr'><strong>neque</strong></span> <span class='ocrx_word' id='word_1_91' title='bbox 648 2096 797 2163; x_wconf 88' lang='lat' dir='ltr'><strong>eorum,</strong></span> <span class='ocrx_word' id='word_1_92' title='bbox 841 2097 935 2173; x_wconf 87' lang='lat' dir='ltr'><strong>quae</strong></span> <span class='ocrx_word' id='word_1_93' title='bbox 968 2073 1141 2176; x_wconf 90' lang='lat' dir='ltr'><strong>protulit,</strong></span> <span class='ocrx_word' id='word_1_94' title='bbox 1247 2065 1249 2078; x_wconf 73' lang='grc'>’</span> 
     </span>
     <span class='ocr_line' id='line_1_15' title="bbox 34 2189 1147 2308; baseline 0.005 -40"><span class='ocrx_word' id='word_1_95' title='bbox 34 2219 171 2268; x_wconf 89' lang='lat' dir='ltr'><strong>omnes</strong></span> <span class='ocrx_word' id='word_1_96' title='bbox 197 2194 321 2287; x_wconf 89' lang='lat' dir='ltr'><strong>locos,</strong></span> <span class='ocrx_word' id='word_1_97' title='bbox 355 2220 404 2308; x_wconf 79' lang='lat' dir='ltr'><strong>ne</strong></span> <span class='ocrx_word' id='word_1_98' title='bbox 426 2189 554 2302; x_wconf 52' lang='lat' dir='ltr'><strong>³dicam</strong></span> <span class='ocrx_word' id='word_1_99' title='bbox 580 2191 627 2269; x_wconf 90' lang='lat' dir='ltr'><strong>de</strong></span> <span class='ocrx_word' id='word_1_100' title='bbox 651 2195 845 2298; x_wconf 86' lang='lat' dir='ltr'><strong>permultis</strong></span> <span class='ocrx_word' id='word_1_101' title='bbox 869 2197 1059 2272; x_wconf 89' lang='lat' dir='ltr'><strong>vocabulis</strong></span> <span class='ocrx_word' id='word_1_102' title='bbox 1083 2214 1147 2274; x_wconf 92' lang='lat' dir='ltr'><strong>aut</strong></span> 
     </span>
     <span class='ocr_line' id='line_1_16' title="bbox 32 2317 1188 2428; baseline 0.005 -36"><span class='ocrx_word' id='word_1_103' title='bbox 32 2344 235 2422; x_wconf 85' lang='lat' dir='ltr'><strong>perperam</strong></span> <span class='ocrx_word' id='word_1_104' title='bbox 265 2318 370 2394; x_wconf 86' lang='lat' dir='ltr'><strong>lectis</strong></span> <span class='ocrx_word' id='word_1_105' title='bbox 401 2335 571 2412; x_wconf 82' lang='lat' dir='ltr'><strong>autnon</strong></span> <span class='ocrx_word' id='word_1_106' title='bbox 601 2335 700 2394; x_wconf 86' lang='lat' dir='ltr'><strong>recte</strong></span> <span class='ocrx_word' id='word_1_107' title='bbox 726 2317 862 2395; x_wconf 82' lang='lat' dir='ltr'><strong>divisis.</strong></span> <span class='ocrx_word' id='word_1_108' title='bbox 915 2319 1066 2425; x_wconf 87' lang='lat' dir='ltr'><strong>Repetit</strong></span> <span class='ocrx_word' id='word_1_109' title='bbox 1089 2337 1144 2398; x_wconf 90' lang='lat' dir='ltr'><strong>ta·</strong></span> <span class='ocrx_word' id='word_1_110' title='bbox 1184 2411 1188 2428; x_wconf 34' lang='grc'><strong><em>1</em></strong></span> 
     </span>
     <span class='ocr_line' id='line_1_17' title="bbox 32 2441 1142 2544; baseline 0.004 -26"><span class='ocrx_word' id='word_1_111' title='bbox 32 2443 211 2518; x_wconf 87' lang='lat' dir='ltr'><strong>bularum</strong></span> <span class='ocrx_word' id='word_1_112' title='bbox 230 2443 428 2544; x_wconf 87' lang='lat' dir='ltr'><strong>exemplar,</strong></span> <span class='ocrx_word' id='word_1_113' title='bbox 456 2447 496 2515; x_wconf 92' lang='lat' dir='ltr'><strong>in</strong></span> <span class='ocrx_word' id='word_1_114' title='bbox 515 2447 640 2543; x_wconf 87' lang='lat' dir='ltr'><strong>paucis</strong></span> <span class='ocrx_word' id='word_1_115' title='bbox 661 2441 882 2542; x_wconf 77' lang='lat' dir='ltr'><strong>quibusdam</strong></span> <span class='ocrx_word' id='word_1_116' title='bbox 904 2444 1142 2540; x_wconf 84' lang='lat' dir='ltr'><strong>emendatius,</strong></span> 
     </span>
     <span class='ocr_line' id='line_1_18' title="bbox 34 2563 1234 2672; baseline 0.003 -30"><span class='ocrx_word' id='word_1_117' title='bbox 34 2571 76 2642; x_wconf 86' lang='lat' dir='ltr'><strong>in</strong></span> <span class='ocrx_word' id='word_1_118' title='bbox 103 2568 387 2665; x_wconf 72' lang='lat' dir='ltr'><strong>Paralipomenis</strong></span> <span class='ocrx_word' id='word_1_119' title='bbox 400 2563 481 2660; x_wconf 86' lang='lat'><strong>(⁵⁰),</strong></span> <span class='ocrx_word' id='word_1_120' title='bbox 519 2589 613 2665; x_wconf 90' lang='lat' dir='ltr'><strong>quae</strong></span> <span class='ocrx_word' id='word_1_121' title='bbox 638 2579 785 2667; x_wconf 87' lang='lat' dir='ltr'><strong>praeter</strong></span> <span class='ocrx_word' id='word_1_122' title='bbox 808 2565 1007 2666; x_wconf 81' lang='lat' dir='ltr'><strong>peculiaria</strong></span> <span class='ocrx_word' id='word_1_123' title='bbox 1032 2571 1143 2672; x_wconf 80' lang='lat' dir='ltr'><strong>quae·</strong></span> <span class='ocrx_word' id='word_1_124' title='bbox 1217 2607 1234 2621; x_wconf 94' lang='lat'><strong>··</strong></span> 
     </span>
     <span class='ocr_line' id='line_1_19' title="bbox 35 2687 1143 2792; baseline 0 -27"><span class='ocrx_word' id='word_1_125' title='bbox 35 2690 127 2765; x_wconf 86' lang='lat' dir='ltr'><strong>dam</strong></span> <span class='ocrx_word' id='word_1_126' title='bbox 151 2692 268 2791; x_wconf 89' lang='lat' dir='ltr'><strong>capita</strong></span> <span class='ocrx_word' id='word_1_127' title='bbox 281 2687 361 2788; x_wconf 85' lang='lat'><strong>(⁵¹),</strong></span> <span class='ocrx_word' id='word_1_128' title='bbox 390 2701 612 2792; x_wconf 86' lang='lat' dir='ltr'><strong>perpetuum</strong></span> <span class='ocrx_word' id='word_1_129' title='bbox 631 2690 797 2788; x_wconf 73' lang='lat' dir='ltr'><strong>omnium</strong></span> <span class='ocrx_word' id='word_1_130' title='bbox 815 2687 1023 2764; x_wconf 85' lang='lat' dir='ltr'><strong>tabularum</strong></span> <span class='ocrx_word' id='word_1_131' title='bbox 1043 2717 1143 2765; x_wconf 92' lang='lat' dir='ltr'><strong>com-</strong></span> 
     </span>
     <span class='ocr_line' id='line_1_20' title="bbox 35 2808 1142 2919; baseline 0.004 -31"><span class='ocrx_word' id='word_1_132' title='bbox 35 2817 258 2896; x_wconf 85' lang='lat' dir='ltr'><strong>mentarium</strong></span> <span class='ocrx_word' id='word_1_133' title='bbox 284 2812 469 2890; x_wconf 84' lang='lat' dir='ltr'><strong>exhibent.</strong></span> <span class='ocrx_word' id='word_1_134' title='bbox 522 2808 678 2886; x_wconf 90' lang='lat' dir='ltr'><strong>Accedit</strong></span> <span class='ocrx_word' id='word_1_135' title='bbox 701 2827 823 2885; x_wconf 86' lang='lat' dir='ltr'><strong>autem</strong></span> <span class='ocrx_word' id='word_1_136' title='bbox 848 2811 939 2888; x_wconf 89' lang='lat' dir='ltr'><strong>haec</strong></span> <span class='ocrx_word' id='word_1_137' title='bbox 964 2817 1142 2919; x_wconf 86' lang='lat' dir='ltr'><strong>interpre-</strong></span> 
     </span>
    </p>
   </div>
   <div class='ocr_carea' id='block_1_3' title="bbox 36 3083 1143 4388">
    <p class='ocr_par' dir='ltr' id='par_1_3' title="bbox 38 3083 1143 3783">
     <span class='ocr_line' id='line_1_21' title="bbox 91 3083 1143 3171; baseline 0.014 -34"><span class='ocrx_word' id='word_1_138' title='bbox 91 3089 158 3170; x_wconf 79' lang='lat' dir='ltr'><strong>(tr)</strong></span> <span class='ocrx_word' id='word_1_139' title='bbox 183 3085 323 3148; x_wconf 77' lang='lat' dir='ltr'><strong>llaecolta</strong></span> <span class='ocrx_word' id='word_1_140' title='bbox 339 3087 366 3151; x_wconf 84' lang='lat' dir='ltr'><strong>d’</strong></span> <span class='ocrx_word' id='word_1_141' title='bbox 379 3085 512 3167; x_wconf 87' lang='lat' dir='ltr'><strong>opuscoli</strong></span> <span class='ocrx_word' id='word_1_142' title='bbox 526 3083 679 3146; x_wconf 81' lang='lat' dir='ltr'><strong>scientifici</strong></span> <span class='ocrx_word' id='word_1_143' title='bbox 698 3105 715 3145; x_wconf 85' lang='lat' dir='ltr'><strong>e</strong></span> <span class='ocrx_word' id='word_1_144' title='bbox 734 3083 877 3171; x_wconf 84' lang='lat' dir='ltr'><strong>filologici</strong></span> <span class='ocrx_word' id='word_1_145' title='bbox 896 3087 996 3169; x_wconf 85' lang='lat' dir='ltr'><strong>(quam</strong></span> <span class='ocrx_word' id='word_1_146' title='bbox 1010 3089 1087 3152; x_wconf 86' lang='lat' dir='ltr'><strong>edid.</strong></span> <span class='ocrx_word' id='word_1_147' title='bbox 1103 3091 1143 3152; x_wconf 87' lang='lat' dir='ltr'><strong>D.</strong></span> 
     </span>
     <span class='ocr_line' id='line_1_22' title="bbox 38 3187 1142 3274; baseline 0.002 -22"><span class='ocrx_word' id='word_1_148' title='bbox 38 3188 205 3274; x_wconf 77' lang='lat' dir='ltr'><strong>Angiolo</strong></span> <span class='ocrx_word' id='word_1_149' title='bbox 227 3187 428 3272; x_wconf 76' lang='lat' dir='ltr'><strong>calogeri)</strong></span> <span class='ocrx_word' id='word_1_150' title='bbox 449 3189 486 3250; x_wconf 86' lang='lat' dir='ltr'><strong>T.</strong></span> <span class='ocrx_word' id='word_1_151' title='bbox 498 3188 608 3250; x_wconf 83' lang='lat' dir='ltr'><strong>XXVI.</strong></span> <span class='ocrx_word' id='word_1_152' title='bbox 633 3187 664 3248; x_wconf 86' lang='lat' dir='ltr'><strong>in</strong></span> <span class='ocrx_word' id='word_1_153' title='bbox 683 3188 821 3250; x_wconf 79' lang='lat' dir='ltr'><strong>Venetia.</strong></span> <span class='ocrx_word' id='word_1_154' title='bbox 846 3191 926 3255; x_wconf 75' lang='lat' dir='ltr'><strong>sata.</strong></span> <span class='ocrx_word' id='word_1_155' title='bbox 955 3195 1142 3272; x_wconf 67' lang='lat' dir='ltr'><strong>past-sot.</strong></span> 
     </span>
     <span class='ocr_line' id='line_1_23' title="bbox 42 3290 1143 3362; baseline 0.002 -8"><span class='ocrx_word' id='word_1_156' title='bbox 42 3299 266 3354; x_wconf 76' lang='lat' dir='ltr'><strong>Continuazime</strong></span> <span class='ocrx_word' id='word_1_157' title='bbox 296 3299 368 3350; x_wconf 81' lang='lat' dir='ltr'><strong>delle</strong></span> <span class='ocrx_word' id='word_1_158' title='bbox 398 3295 510 3350; x_wconf 66' lang='lat' dir='ltr'><strong>stetere</strong></span> <span class='ocrx_word' id='word_1_159' title='bbox 541 3296 728 3362; x_wconf 76' lang='lat' dir='ltr'><strong>Iloncaglicsi</strong></span> <span class='ocrx_word' id='word_1_160' title='bbox 756 3297 789 3350; x_wconf 83' lang='lat' dir='ltr'><strong>di</strong></span> <span class='ocrx_word' id='word_1_161' title='bbox 818 3290 1143 3356; x_wconf 80' lang='lat' dir='ltr'><strong>Giovanbattista</strong></span> 
     </span>
     <span class='ocr_line' id='line_1_24' title="bbox 40 3391 1142 3478; baseline 0.003 -24"><span class='ocrx_word' id='word_1_162' title='bbox 40 3395 204 3472; x_wconf 87' lang='lat' dir='ltr'><strong>Passeri,</strong></span> <span class='ocrx_word' id='word_1_163' title='bbox 224 3393 325 3455; x_wconf 86' lang='lat' dir='ltr'><strong>scritte</strong></span> <span class='ocrx_word' id='word_1_164' title='bbox 345 3391 419 3454; x_wconf 87' lang='lat' dir='ltr'><strong>dalla</strong></span> <span class='ocrx_word' id='word_1_165' title='bbox 437 3413 488 3454; x_wconf 88' lang='lat' dir='ltr'><strong>sua</strong></span> <span class='ocrx_word' id='word_1_166' title='bbox 500 3391 578 3453; x_wconf 86' lang='lat' dir='ltr'><strong>Villa</strong></span> <span class='ocrx_word' id='word_1_167' title='bbox 596 3391 626 3453; x_wconf 88' lang='lat' dir='ltr'><strong>di</strong></span> <span class='ocrx_word' id='word_1_168' title='bbox 643 3391 807 3478; x_wconf 82' lang='lat' dir='ltr'><strong>Roncaglia</strong></span> <span class='ocrx_word' id='word_1_169' title='bbox 824 3391 851 3452; x_wconf 84' lang='lat' dir='ltr'><strong>al</strong></span> <span class='ocrx_word' id='word_1_170' title='bbox 871 3392 933 3476; x_wconf 77' lang='lat' dir='ltr'><strong>Sig.</strong></span> <span class='ocrx_word' id='word_1_171' title='bbox 946 3391 1025 3454; x_wconf 77' lang='lat' dir='ltr'><strong>Anu.</strong></span> <span class='ocrx_word' id='word_1_172' title='bbox 1040 3395 1069 3454; x_wconf 89' lang='lat' dir='ltr'><strong>d.</strong></span> <span class='ocrx_word' id='word_1_173' title='bbox 1083 3393 1142 3457; x_wconf 78' lang='lat' dir='ltr'><strong>Ab.</strong></span> 
     </span>
     <span class='ocr_line' id='line_1_25' title="bbox 43 3493 1141 3579; baseline 0.001 -22"><span class='ocrx_word' id='word_1_174' title='bbox 43 3495 180 3576; x_wconf 84' lang='lat' dir='ltr'><strong>Oliricri,</strong></span> <span class='ocrx_word' id='word_1_175' title='bbox 202 3495 282 3556; x_wconf 82' lang='lat' dir='ltr'><strong>nelle</strong></span> <span class='ocrx_word' id='word_1_176' title='bbox 301 3494 378 3576; x_wconf 87' lang='lat' dir='ltr'><strong>quali</strong></span> <span class='ocrx_word' id='word_1_177' title='bbox 397 3493 421 3555; x_wconf 88' lang='lat' dir='ltr'><strong>si</strong></span> <span class='ocrx_word' id='word_1_178' title='bbox 439 3493 582 3578; x_wconf 83' lang='lat' dir='ltr'><strong>spicgouo</strong></span> <span class='ocrx_word' id='word_1_179' title='bbox 600 3493 737 3575; x_wconf 74' lang='lat' dir='ltr'><strong>parrechi</strong></span> <span class='ocrx_word' id='word_1_180' title='bbox 756 3493 829 3575; x_wconf 86' lang='lat' dir='ltr'><strong>passi</strong></span> <span class='ocrx_word' id='word_1_181' title='bbox 849 3493 928 3577; x_wconf 84' lang='lat' dir='ltr'><strong>degli</strong></span> <span class='ocrx_word' id='word_1_182' title='bbox 946 3494 1141 3579; x_wconf 79' lang='lat' dir='ltr'><strong>inligamenti</strong></span> 
     </span>
     <span class='ocr_line' id='line_1_26' title="bbox 41 3594 1141 3682; baseline 0.003 -24"><span class='ocrx_word' id='word_1_183' title='bbox 41 3598 207 3670; x_wconf 74' lang='lat' dir='ltr'><strong>Pontificali</strong></span> <span class='ocrx_word' id='word_1_184' title='bbox 224 3597 304 3682; x_wconf 84' lang='lat' dir='ltr'><strong>degli</strong></span> <span class='ocrx_word' id='word_1_185' title='bbox 322 3594 442 3657; x_wconf 75' lang='lat' dir='ltr'><strong>nsueti</strong></span> <span class='ocrx_word' id='word_1_186' title='bbox 458 3595 585 3680; x_wconf 69' lang='lat' dir='ltr'><strong>Iguuini,</strong></span> <span class='ocrx_word' id='word_1_187' title='bbox 607 3595 680 3658; x_wconf 81' lang='lat' dir='ltr'><strong>detti</strong></span> <span class='ocrx_word' id='word_1_188' title='bbox 699 3607 952 3659; x_wconf 84' lang='lat' dir='ltr'><strong>communcmentc</strong></span> <span class='ocrx_word' id='word_1_189' title='bbox 970 3597 1014 3660; x_wconf 80' lang='lat' dir='ltr'><strong>Le</strong></span> <span class='ocrx_word' id='word_1_190' title='bbox 1028 3597 1141 3664; x_wconf 84' lang='lat' dir='ltr'><strong>Tavolc</strong></span> 
     </span>
     <span class='ocr_line' id='line_1_27' title="bbox 41 3699 516 3783; baseline 0.002 -25"><span class='ocrx_word' id='word_1_191' title='bbox 41 3699 208 3783; x_wconf 83' lang='lat' dir='ltr'><strong>Eugubine.</strong></span> <span class='ocrx_word' id='word_1_192' title='bbox 234 3701 356 3761; x_wconf 85' lang='lat' dir='ltr'><strong>Lettere</strong></span> <span class='ocrx_word' id='word_1_193' title='bbox 368 3713 439 3758; x_wconf 81' lang='lat' dir='ltr'><strong>tun.</strong></span> <span class='ocrx_word' id='word_1_194' title='bbox 452 3715 516 3759; x_wconf 88' lang='lat' dir='ltr'><strong>x1v.</strong></span> 
     </span>
    </p>

    <p class='ocr_par' dir='ltr' id='par_1_4' title="bbox 93 3799 572 3881">
     <span class='ocr_line' id='line_1_28' title="bbox 93 3799 572 3881; baseline -0.004 -19"><span class='ocrx_word' id='word_1_195' title='bbox 93 3802 156 3881; x_wconf 70' lang='grc'>(48)</span> <span class='ocrx_word' id='word_1_196' title='bbox 180 3802 258 3863; x_wconf 87' lang='lat' dir='ltr'><strong>Bibl.</strong></span> <span class='ocrx_word' id='word_1_197' title='bbox 271 3801 337 3865; x_wconf 86' lang='lat' dir='ltr'><strong>Ital.</strong></span> <span class='ocrx_word' id='word_1_198' title='bbox 350 3801 387 3861; x_wconf 91' lang='lat' dir='ltr'><strong>T.</strong></span> <span class='ocrx_word' id='word_1_199' title='bbox 395 3799 476 3859; x_wconf 87' lang='lat' dir='ltr'>XIV.</span> <span class='ocrx_word' id='word_1_200' title='bbox 489 3821 518 3880; x_wconf 90' lang='lat' dir='ltr'><strong>p.</strong></span> <span class='ocrx_word' id='word_1_201' title='bbox 527 3811 572 3860; x_wconf 80' lang='lat'><strong>20.</strong></span> 
     </span>
    </p>

    <p class='ocr_par' dir='ltr' id='par_1_5' title="bbox 93 3900 687 3984">
     <span class='ocr_line' id='line_1_29' title="bbox 93 3900 687 3984; baseline -0.007 -19"><span class='ocrx_word' id='word_1_202' title='bbox 93 3904 156 3983; x_wconf 73' lang='lat'>(4⁹)</span> <span class='ocrx_word' id='word_1_203' title='bbox 183 3927 212 3984; x_wconf 91' lang='lat' dir='ltr'><strong>p.</strong></span> <span class='ocrx_word' id='word_1_204' title='bbox 221 3903 368 3982; x_wconf 65' lang='lat'><strong>239-3421.</strong></span> <span class='ocrx_word' id='word_1_205' title='bbox 393 3900 687 3982; x_wconf 65' lang='lat' dir='ltr'><strong>Pasipeda-³³1.</strong></span> 
     </span>
    </p>

    <p class='ocr_par' dir='ltr' id='par_1_6' title="bbox 36 4001 1140 4188">
     <span class='ocr_line' id='line_1_30' title="bbox 88 4001 1140 4087; baseline 0.003 -21"><span class='ocrx_word' id='word_1_206' title='bbox 88 4003 157 4087; x_wconf 79' lang='grc'>(50)</span> <span class='ocrx_word' id='word_1_207' title='bbox 183 4006 234 4066; x_wconf 83' lang='lat' dir='ltr'><strong>lc.</strong></span> <span class='ocrx_word' id='word_1_208' title='bbox 251 4005 437 4087; x_wconf 78' lang='lat' dir='ltr'><strong>Baptistae</strong></span> <span class='ocrx_word' id='word_1_209' title='bbox 458 4001 625 4064; x_wconf 76' lang='lat' dir='ltr'><strong>Passerii</strong></span> <span class='ocrx_word' id='word_1_210' title='bbox 646 4010 677 4063; x_wconf 79' lang='lat' dir='ltr'><strong>r&#39;n</strong></span> <span class='ocrx_word' id='word_1_211' title='bbox 692 4008 817 4065; x_wconf 67' lang='lat' dir='ltr'><strong>mmor</strong></span> <span class='ocrx_word' id='word_1_212' title='bbox 830 4009 1140 4082; x_wconf 74' lang='lat' dir='ltr'><strong>Dempreerr&#39;la&#39;trosde</strong></span> 
     </span>
     <span class='ocr_line' id='line_1_31' title="bbox 36 4109 958 4188; baseline 0.007 -24"><span class='ocrx_word' id='word_1_213' title='bbox 36 4109 165 4171; x_wconf 67' lang='lat' dir='ltr'><strong>Etruria</strong></span> <span class='ocrx_word' id='word_1_214' title='bbox 175 4113 282 4179; x_wconf 65' lang='lat' dir='ltr'><strong>flegon·</strong></span> <span class='ocrx_word' id='word_1_215' title='bbox 291 4113 525 4182; x_wconf 72' lang='lat' dir='ltr'><strong>Paralinomena.</strong></span> <span class='ocrx_word' id='word_1_216' title='bbox 551 4109 655 4166; x_wconf 76' lang='lat' dir='ltr'><strong>lucae.</strong></span> <span class='ocrx_word' id='word_1_217' title='bbox 677 4111 757 4172; x_wconf 77' lang='lat'><strong>1767.</strong></span> <span class='ocrx_word' id='word_1_218' title='bbox 776 4117 958 4188; x_wconf 61' lang='lat' dir='ltr'><strong>psas-3³1.</strong></span> 
     </span>
    </p>

    <p class='ocr_par' dir='ltr' id='par_1_7' title="bbox 46 4209 1140 4388">
     <span class='ocr_line' id='line_1_32' title="bbox 88 4209 1140 4294; baseline 0.001 -23"><span class='ocrx_word' id='word_1_219' title='bbox 88 4209 157 4291; x_wconf 77' lang='grc'>(51)</span> <span class='ocrx_word' id='word_1_220' title='bbox 182 4209 287 4294; x_wconf 69' lang='lat' dir='ltr'><strong>p02l9:</strong></span> <span class='ocrx_word' id='word_1_221' title='bbox 306 4213 352 4268; x_wconf 82' lang='lat' dir='ltr'><strong>De</strong></span> <span class='ocrx_word' id='word_1_222' title='bbox 369 4213 436 4269; x_wconf 68' lang='lat' dir='ltr'><strong>Dat</strong></span> <span class='ocrx_word' id='word_1_223' title='bbox 452 4225 481 4269; x_wconf 81' lang='lat' dir='ltr'><strong>et</strong></span> <span class='ocrx_word' id='word_1_224' title='bbox 498 4213 586 4268; x_wconf 79' lang='lat' dir='ltr'><strong>Sacri</strong></span> <span class='ocrx_word' id='word_1_225' title='bbox 619 4214 655 4268; x_wconf 77' lang='lat' dir='ltr'><strong>it&#39;s</strong></span> <span class='ocrx_word' id='word_1_226' title='bbox 673 4213 866 4280; x_wconf 71' lang='lat' dir='ltr'><strong>Igucinorum.</strong></span> <span class='ocrx_word' id='word_1_227' title='bbox 891 4213 997 4290; x_wconf 70' lang='lat' dir='ltr'><strong>past:</strong></span> <span class='ocrx_word' id='word_1_228' title='bbox 1014 4209 1140 4274; x_wconf 68' lang='lat' dir='ltr'><strong>D&#39;eMa-</strong></span> 
     </span>
     <span class='ocr_line' id='line_1_33' title="bbox 46 4315 990 4388; baseline 0.005 -18"><span class='ocrx_word' id='word_1_229' title='bbox 46 4317 211 4380; x_wconf 65' lang='lat' dir='ltr'><strong>guirardus</strong></span> <span class='ocrx_word' id='word_1_230' title='bbox 224 4328 253 4372; x_wconf 80' lang='lat' dir='ltr'><strong>et</strong></span> <span class='ocrx_word' id='word_1_231' title='bbox 265 4315 435 4371; x_wconf 70' lang='lat' dir='ltr'><strong>sacerdotio</strong></span> <span class='ocrx_word' id='word_1_232' title='bbox 444 4317 605 4388; x_wconf 66' lang='lat' dir='ltr'><strong>pancitas</strong></span> <span class='ocrx_word' id='word_1_233' title='bbox 617 4316 785 4386; x_wconf 75' lang='lat' dir='ltr'><strong>rn&#39;putltcac</strong></span> <span class='ocrx_word' id='word_1_234' title='bbox 797 4317 990 4386; x_wconf 61' lang='lat' dir='ltr'><strong>lecturum.</strong></span> 
     </span>
    </p>
   </div>
   <div class='ocr_carea' id='block_1_4' title="bbox 864 4423 1060 4525">
    <p class='ocr_par' dir='ltr' id='par_1_8' title="bbox 864 4423 1060 4525">
     <span class='ocr_line' id='line_1_34' title="bbox 864 4423 1060 4525; baseline 0.01 -2"><span class='ocrx_word' id='word_1_235' title='bbox 864 4427 939 4525; x_wconf 82' lang='lat' dir='ltr'><strong>[2*l</strong></span> <span class='ocrx_word' id='word_1_236' title='bbox 1054 4423 1060 4432; x_wconf 70' lang='grc'><strong><em>’</em></strong></span> 
     </span>
    </p>
   </div>
   <div class='ocr_carea' id='block_1_5' title="bbox 0 0 1370 4978">
    <p class='ocr_par' dir='ltr' id='par_1_9' title="bbox 0 0 1370 4978">
     <span class='ocr_line' id='line_1_35' title="bbox 0 0 1370 4978; baseline 0 0"><span class='ocrx_word' id='word_1_237' title='bbox 0 0 1370 4978; x_wconf 95' lang='lat' dir='ltr'><strong> </strong></span> 
     </span>
    </p>
   </div>
  </div>
 </body>
</html>
