2694 4978
721 351 777 438 22

199 543 297 620 idem
317 543 472 620 valuerit
492 559 661 645 utraque.
703 527 940 618 'Tabularum'
959 561 1167 621 nostrarum
1193 553 1298 650 quin-

200 694 273 772 que
303 669 464 743 Etruscis
502 667 632 742 litteris
664 670 859 771 inscriptae
891 684 995 762 sunt,
1035 667 1130 746 duae
1161 697 1299 776 eaeque

200 796 375 867 maximae
401 793 553 885 Latinis,
590 819 680 896 quas
712 796 820 867 etiam
852 793 1023 869 nonnulli
1048 821 1173 872 versus
1200 797 1299 872 exhi·

70 985 73 994 .
199 920 303 1010 bent,
327 921 391 1020 qui
407 921 472 991 uni
491 943 535 991 ex
551 918 712 992 Etruscis
729 917 863 993 tabulis
883 916 1044 992 adiuncti
1062 936 1158 995 sunt.
1200 920 1300 994 Alia·

202 1069 284 1115 rum
312 1067 462 1144 quoque
487 1044 699 1118 breviorum
722 1045 1002 1146 inscriptionum
1020 1043 1230 1138 Umbritae,
1259 1062 1303 1119 ut
1333 1095 1334 1152 r

200 1162 358 1257 videtur,
387 1165 544 1268 linguae,
580 1169 757 1270 scriptura
783 1183 838 1242 est
862 1167 1006 1258 Latina,
1035 1168 1187 1243 Etrusca
1211 1195 1303 1245 vero

199 1289 444 1394 plurimorum
476 1315 686 1364 numerum.
741 1289 863 1388 Quam
896 1289 1046 1396 quidem
1078 1291 1305 1366 litteraturae

202 1416 426 1507 varietatem,
452 1431 495 1489 ut
512 1439 590 1489 non
609 1418 649 1488 in
667 1414 851 1490 Umbricis
871 1425 1025 1506 tantum,
1048 1413 1114 1490 sed
1139 1421 1178 1490 in
1197 1414 1306 1491 Oscis
1333 1409 1334 1420 ¹

202 1563 353 1640 quoque
379 1554 490 1641 atque
516 1539 577 1614 vel
606 1541 694 1642 ipsis
719 1544 759 1614 in
784 1542 946 1616 Etruscis
965 1541 1031 1641 (⁵⁵)
1057 1545 1306 1648 monumentis
1333 1585 1334 1602 κ

201 1664 395 1765 reperitur,
419 1666 468 1737 ita
486 1662 593 1738 facile
611 1667 846 1768 perspicitur,
869 1663 1007 1741 nedum
1023 1666 1211 1758 Etruscos,
1239 1664 1305 1766 sed

201 1788 311 1859 etiam
332 1783 450 1861 Oscos
468 1774 598 1862 Latina
623 1789 827 1863 litteratura
853 1791 957 1892 quasi
982 1787 1194 1864 secundaria
1217 1815 1307 1864 usos

202 1930 293 1982 esse.
338 1909 389 1984 At
410 1916 574 2014 quamvis
596 1912 657 1988 vel
681 1912 824 2013 linguae
850 1915 1080 2013 reperiantur
1102 1914 1308 1988 nonnullae
1333 1917 1334 1920 ’

202 2029 464 2136 discrepantiae
489 2041 586 2112 inter
610 2050 846 2110 monumenta
863 2035 1016 2114 Etrusco
1041 2049 1152 2137 atque
1169 2034 1310 2109 Latine
1333 2073 1334 2158 p

202 2159 353 2261 scripta,
390 2159 530 2234 nullam
562 2177 685 2234 tamen
717 2159 907 2261 hucusque
941 2159 987 2232 ab
1018 2157 1097 2232 aliis
1120 2157 1308 2261 prolatam

202 2286 358 2384 cognovi
376 2279 592 2358 sententiani
612 2280 658 2355 de
677 2285 824 2373 caussis,
855 2306 899 2355 ex
920 2284 1054 2384 quibus
1073 2281 1186 2356 modo
1206 2281 1309 2361 hanc

202 2405 315 2482 modo
349 2408 499 2482 alteram
528 2406 768 2479 litteraturam
797 2422 939 2506 veteres
973 2405 1168 2482 maluerint
1199 2397 1334 2480 adhi:

183 2531 309 2625 lere,
344 2530 412 2606 sed
449 2533 541 2604 miro
575 2525 689 2604 modo
724 2535 842 2605 omnis
874 2534 1015 2636 generis
1047 2533 1309 2633 inscriptiones

203 2658 433 2747 commixtae,
469 2649 670 2755 eademque
698 2681 824 2728 omnes
849 2659 992 2730 ratione
1018 2652 1194 2730 admissae
1218 2673 1310 2729 sunt

204 2782 242 2853 in
268 2775 491 2854 enucleanda
517 2775 648 2849 harum
670 2776 875 2878 linguarum
899 2793 1041 2851 natura.
1089 2776 1173 2872 Qua
1197 2781 1237 2851 in
1265 2806 1309 2854 re

204 2906 233 2976 si
258 2901 318 2975 vel
347 2925 562 3000 magnorum
586 2903 779 2973 nominum
805 2901 1079 2974 auctoritatibus
1106 2888 1225 2976 obniti
1250 2908 1309 2976 vi-

204 3051 276 3114 sus,
305 3049 439 3100 novam
458 3027 531 3097 iam
547 3027 767 3112 ,sententiam
792 3019 911 3098 audeo
937 3024 1118 3128 proferre,
1148 3033 1207 3099 eo'
1220 3022 1306 3098 dili-

204 3151 344 3251 gentius
369 3148 460 3222 haec
486 3147 576 3221 mihi
601 3145 792 3250 probanda
818 3151 899 3242 erit,
931 3165 973 3224 ut
997 3129 1196 3224 lectoribus
1224 3176 1307 3223 eam

203 3269 456 3375 persuadeam,
486 3298 562 3375 quo
583 3275 730 3378 maioris
756 3299 824 3375 per
849 3267 997 3348 omnem
1022 3271 1116 3348 hanc
1141 3269 1304 3376 disputa-

203 3400 344 3471 tionem
368 3401 438 3470 erit
462 3399 653 3470 momenti.

306 3521 394 3596 Tria
412 3536 509 3612 sunt,
539 3546 634 3624 quae
653 3523 693 3594 in
719 3522 889 3595 omnibus
906 3519 1032 3596 Italiae
1058 3527 1307 3596 monumentis

206 3643 451 3721 examinandis
470 3671 490 3718 a
512 3648 642 3746 minus
666 3643 824 3720 tenenda
849 3661 955 3750 puto,
981 3650 1149 3747 prtinum,
1176 3646 1304 3722 Etrus-

205 3796 265 3844 cas
295 3771 550 3872 inscriptiones
580 3793 725 3871 semper
753 3773 970 3846 vetustiores
996 3768 1183 3844 habendas
1210 3796 1303 3861 esse,

207 3919 317 3996 qtram
337 3893 498 3986 Latinas,
525 3889 707 3996 siquidem
729 3892 862 3970 eodem
887 3894 1074 3998 profectae
1099 3897 1171 3970 sint
1197 3894 1303 3968 loco:

206 4019 346 4112 mande,
375 4020 565 4094 Etruscam
591 4043 701 4122 quam
727 4017 853 4096 dicunt
878 4019 1117 4096 litteratmnm
1142 4016 1305 4096 diverso-

209 4184 410 4204 *uu-uu-

259 4276 322 4358 (55)
349 4276 545 4340 VideLana.
561 4255 684 4382 ὅσω.
698 4301 728 4362 p.
738 4285 798 4342 168.
810 4299 873 4360 sqq.
