2694 4978
187 551 381 643 ediderint,
407 548 599 652 diligenter
618 575 840 642 recenseam,
866 566 1053 654 praeterea
1075 552 1113 626 id
1136 543 1285 656 quoque
1335 529 1336 554 Ξ

187 702 320 780 operae
345 678 505 778 pretium
525 672 605 748 fore
625 677 763 777 putavi,
792 678 918 777 paucis
939 701 1137 779 exponere,
1167 681 1284 752 cuius-

186 799 287 875 modi
306 799 442 874 fuerint
461 797 688 900 singulorum
709 801 862 872 istorum
887 798 943 874 his
968 803 1006 873 in
1031 801 1141 874 rebus
1168 800 1285 876 studia

186 942 223 1000 et
239 924 398 998 labores.
440 921 536 996 Nam
556 925 608 995 sic
628 920 776 996 demum
801 925 947 1026 sperare
973 923 1111 1017 licebit,
1141 907 1201 1000 me
1230 953 1284 1000 as·

184 1064 411 1138 secuturum,
447 1062 508 1138 ut,
545 1045 647 1148 quod
674 1045 767 1138 dixi,
804 1073 922 1149 paene
952 1047 1045 1122 nihil
1075 1046 1166 1122 dum
1191 1048 1287 1124 haec

184 1170 302 1247 studia
326 1169 540 1274 proiecisse,
568 1168 606 1244 id
632 1197 711 1244 non
735 1186 798 1246 aut
823 1174 942 1246 minus
964 1198 1064 1264 vere,
1092 1188 1154 1247 aut
1177 1171 1286 1247 adro-

183 1299 323 1399 gantius
344 1292 475 1368 dixisse
496 1293 575 1368 aliis
592 1292 736 1370 videar:
764 1298 816 1369 sic
837 1298 945 1370 etiam
965 1295 1057 1370 mihi
1076 1299 1279 1398 contigerit,

182 1437 236 1513 ut,
260 1421 394 1522 quibus
415 1445 459 1494 ex
479 1421 611 1493 caussis
632 1421 680 1494 ita
699 1419 835 1492 factum
854 1422 913 1512 sit,
938 1435 975 1494 et
996 1417 1086 1522 quid
1105 1423 1176 1523 ipsi
1195 1421 1288 1495 mihi
1327 1459 1336 1492 μ

182 1550 223 1630 in
238 1542 485 1646 disputatione
502 1568 583 1618 mea
601 1547 833 1646 potissimum
850 1541 1073 1636 evitandum,
1096 1543 1187 1648 quid
1208 1548 1284 1620 eni·
1335 1535 1336 1586 l

181 1667 335 1745 tendum
358 1671 417 1760 sit,
445 1671 567 1742 statim
591 1669 637 1742 ab
660 1671 765 1744 initio
788 1669 919 1744 lectori
943 1671 1089 1771 copiam
1110 1665 1283 1773 suppedi-
1335 1707 1336 1768 l

114 1801 117 1810 ’
181 1798 288 1870 tarim
308 1787 546 1866 diiudicandi.
588 1788 702 1882 Quod
728 1795 758 1862 si
782 1791 894 1864 velin
918 1795 1086 1866 universa
1105 1790 1286 1868 tractandi
1335 1843 1336 1870 r

181 1923 336 2008 ratione,
365 1915 426 1992 vel
452 1919 561 1990 etiam
585 1915 625 1985 in
649 1907 817 2000 consilio,
852 1906 942 2010 quid
969 1910 1119 1984 tandem
1145 1940 1191 1986 ex
1216 1916 1287 1990 illo

180 2053 421 2116 monumento
442 2061 569 2113 eruere
591 2057 777 2137 cuperem,
801 2036 1010 2138 proposito,
1035 2037 1171 2108 rectius
1192 2037 1286 2138 quid

180 2165 312 2246 vidisse
336 2163 461 2244 videar
485 2163 557 2235 illis
582 2153 813 2253 hominibus,
849 2185 1009 2262 quorum
1035 2185 1186 2264 operam
1210 2162 1287 2233 iam

179 2315 369 2369 recensere
394 2292 433 2361 in
459 2289 581 2362 animo
607 2299 675 2376 est,
704 2282 743 2358 id
768 2288 984 2387 neutiquam
1009 2287 1048 2358 in
1070 2307 1151 2358 mea
1173 2281 1286 2358 laude

180 2414 407 2522 ponendum,
434 2408 498 2485 sed
526 2435 635 2485 omne
660 2405 927 2484 accensendum
952 2433 1029 2486 esse
1051 2435 1166 2513 quum
1183 2407 1283 2483 litte-

180 2565 315 2632 rarum,
339 2563 450 2642 quem
465 2533 579 2610 hodie
596 2540 749 2610 omnino
770 2550 988 2610 consecutae
1007 2550 1105 2627 sunt,
1126 2534 1285 2608 feliciori

180 2670 301 2760 statui,
325 2681 403 2738 tum
426 2659 498 2735 illis
518 2663 684 2762 inprimis
702 2663 789 2735 viris
809 2663 965 2732 maxime
984 2657 1163 2750 colendis,
1188 2679 1284 2759 quos

179 2803 437 2894 praeceptores
465 2782 556 2856 mihi
586 2801 623 2858 et
651 2783 762 2855 fuisse
793 2796 831 2854 et
855 2781 997 2854 futuros
1028 2803 1107 2852 esse
1137 2805 1285 2880 semper

178 2908 414 3018 praedicabo,
440 2906 569 3012 quidni
587 2905 838 2985 lubentissime
857 2917 968 3005 atque
988 2903 1174 2975 exanimo
1192 2925 1283 3003 pro-

178 3037 299 3113 fitear!

266 3141 446 3266 'Iguvium
466 3158 523 3256 (ί)
551 3155 778 3250 Umbrorum
805 3153 874 3228 suit
898 3153 987 3226 urbs
1012 3147 1111 3224 haud
1137 3150 1281 3251 ignobi-

179 3289 259 3390 lis(
283 3291 302 3390 )
327 3287 422 3382 circa
447 3286 543 3356 viam
559 3281 775 3355 Flaminiam
794 3277 852 3376 (³)
880 3274 925 3349 ad
942 3275 1131 3378 Apennini
1147 3273 1282 3348 montis

181 3417 385 3430 ...ιι-.-

229 3463 283 3556 (¹)
310 3473 408 3535 Hodie
429 3477 536 3531 Guobio
555 3469 734 3552 appellatur,
754 3467 785 3527 in
804 3463 1001 3551 Delegatione
1021 3462 1165 3526 Urbinate
1186 3463 1282 3526 Status

179 3573 384 3640 Ecclesiastici.

230 3667 285 3759 (²)
310 3677 387 3738 Vide
401 3675 476 3738 Cic.
490 3697 545 3758 pro
558 3673 642 3735 Balb.
655 3685 734 3734 ΜΟ.
755 3671 811 3753 Ep.
824 3671 860 3732 ad
873 3667 935 3732 nu.
944 3669 1066 3747 Vll,13.
1087 3667 1188 3728 Caes.
1201 3667 1236 3726 B.
1245 3665 1279 3726 C.
1333 3709 1334 3728 1

127 3812 133 3825 x
180 3779 264 3858 ιη.
298 3779 373 3840 Liv.
387 3780 480 3858 XLV,
493 3779 539 3840 ls.
573 3776 638 3838 Sil.
656 3775 916 3851 ltetvlltlso.
949 3769 1281 3845 Plin.H.N.ll1‚14.

180 3884 247 3964 XV,
254 3889 282 3950 ’7.
296 3882 409 3960 xxm,
417 3883 462 3948 l9.
485 3880 641 3942 Ptolem.
658 3876 815 3939 Strabv.
841 3866 889 3938 De
902 3873 1067 3960 posteriore
1079 3871 1177 3956 Iguvii
1187 3870 1281 3934 bisto-

180 3984 223 4046 ria
236 3987 303 4049 vide
315 3982 509 4066 Reposati:
525 3981 614 4044 Della
627 3983 721 4042 Zecca
734 3979 764 4040 di
778 3977 911 4056 Gubbio‚
924 3977 955 4037 in
968 3975 1102 4060 Bologna
1116 3983 1197 4042 1772.
1210 3975 1236 4035 l.
1251 3984 1280 4032 et

182 4083 387 4149 Guernieri
406 4084 534 4163 Betui,
555 4084 605 4166 qui
624 4081 739 4165 scripsit
753 4079 882 4143 Annales
898 4079 1008 4163 patriae
1026 4097 1097 4144 suae
1110 4077 1148 4140 ab
1165 4085 1278 4140 u1350.

181 4186 217 4251 ad
229 4209 254 4251 a.
265 4189 344 4256 1472.
365 4189 397 4250 in
410 4187 517 4274 script.
530 4185 603 4248 lter.
616 4187 654 4248 It.
664 4181 733 4248 Vol.
742 4181 823 4246 XXI.
836 4193 937 4267 pora

231 4281 285 4371 (³)
310 4291 404 4354 Ptin.
417 4291 506 4356 nu.
519 4289 632 4369 xxm,
644 4289 689 4356 ls.
