2702 4980
436 423 440 427 -
564 355 619 448 77

46 560 93 646 l,
132 550 171 646 id
203 550 304 656 qnod
336 549 467 626 deinde
494 555 526 626 Υ
558 549 773 624 formarunt.
832 551 916 624 Alia
946 550 1139 655 alphabeta
1243 631 1246 644 ,

41 680 156 780 magis
174 679 418 768 sinistrorsum
436 674 634 768 reclinant3
661 673 915 758 Hebraeorum
928 691 1047 752 autem
1058 675 1139 754 vul-

40 816 122 901 gata
146 803 322 903 scriptura
345 825 468 874 narsus
491 796 537 871 ad
563 796 742 872 Graecam
761 803 793 872 Υ
815 796 954 874 accedit
978 816 1014 874 et
1035 819 1054 874 t
1078 827 1139 876 ex·

40 923 156 998 hibet.
203 922 262 997 Ad
290 922 453 997 Graecos
480 925 588 1024 igitur
614 939 651 997 et
676 923 796 996 clausa
819 939 859 996 et
884 939 1008 1026 aperta
1033 923 1141 1004 huius

41 1047 182 1122 litterae
216 1047 334 1121 forma
365 1047 565 1149 propagata
596 1061 667 1140 est,
704 1061 828 1148 aperta
860 1051 992 1140 serius,
1030 1075 1142 1150 qnare

6 1241 7 1272 ἦ
42 1187 125 1273 post
149 1171 213 1245 ταῦ
235 1171 394 1245 litteram
414 1175 575 1274 reposita
599 1186 666 1244 est.
707 1169 831 1246 Ambo
853 1171 1023 1274 profecto
1042 1176 1143 1274 signa
1237 1155 1242 1164 ⁸

6 1283 7 1358 l
44 1293 103 1368 diu
130 1321 315 1368 resonum
346 1297 615 1398 exprimebant,
653 1295 806 1368 sortasse
839 1295 988 1372 diversis
1019 1312 1143 1372 tamen

7 1421 8 1508 ἦ
41 1421 80 1496 in
102 1419 216 1511 locis,
252 1434 294 1493 ut
324 1421 494 1520 suspicati
523 1445 645 1493 sumus
677 1423 785 1494 etiam
812 1417 858 1494 de
887 1405 1053 1496 dsain‘et
1079 1449 1144 1496 san

40 1541 172 1616 litteris
191 1541 288 1641 (²¹⁸).
328 1540 467 1628 Atvero
494 1546 628 1616 sensim
652 1541 713 1615 hic
738 1569 849 1616 sonus
875 1548 914 1617 in
940 1542 1029 1619 duas
1054 1548 1145 1623 abiit

37 1648 183 1768 partes,
208 1691 363 1766 quarum
382 1664 494 1738 altera
514 1662 560 1737 ad
580 1693 602 1738 a
622 1669 733 1766 magis
756 1664 931 1740 accedens
953 1671 1002 1760 0,
1031 1668 1145 1744 altera

39 1788 87 1864 ad
114 1795 131 1861 i
153 1792 264 1890 magis
285 1786 461 1886 accedens
482 1789 520 1866 V
539 1786 805 1891 designabatur.
848 1790 904 1864 Ita
924 1790 1141 1887 factumest,

39 1930 82 1986 ut
108 1916 182 1986 iarn
206 1913 349 1986 nullum
368 1912 547 1987 haberent
566 1917 709 2015 signum
728 1917 840 2016 ipsius
862 1942 888 1990 u
908 1919 1004 2008 soni,
1035 1943 1145 2018 quem

40 2034 177 2111 deinde
197 2038 377 2114 ambobus
397 2040 505 2140 signis
527 2066 561 2110 ου
583 2040 846 2139 exprimebant.
887 2038 932 2113 Id
959 2066 1047 2115 vero
1068 2069 1146 2116 non

6 2145 11 2268 ’ἦ
40 2159 406 2264 praetermittendum
437 2158 593 2254 videtur,
630 2161 724 2237 hanc
751 2160 936 2266 duplicem
959 2183 1144 2268 permuta-

6 2273 9 2352 Ῑ
40 2290 182 2359 tionem
207 2312 284 2359 non
308 2285 418 2359 simul
442 2289 482 2360 in
506 2287 676 2360 omnibus
702 2285 863 2363 dialectis
883 2306 994 2391 atque
1018 2287 1146 2364 eadem

6 2399 7 2405 ¹
42 2413 183 2484 ratione
209 2410 342 2484 factam
367 2436 458 2484 esse.
513 2409 609 2482 Nam
636 2437 750 2508 quum
777 2435 821 2483 ex
847 2409 988 2486 duabus
1009 2419 1147 2515 magnis

44 2533 268 2608 Graecarum
299 2518 540 2602 dialectorun'r
569 2532 753 2632 partibus,
796 2532 908 2606 altera
933 2533 1143 2628 Aeolicam,

41 2657 292 2758 Doricamque
312 2653 575 2756 complectens,
605 2656 891 2755 antiquissimam
908 2655 1053 2759 linguae
1071 2659 1146 2732 lor·

43 2789 154 2873 mam,
186 2795 229 2852 ut
254 2795 490 2880 cognatarum
514 2777 720 2880 linguarum
746 2784 972 2883 comparatio
999 2785 1144 2876 evincit,

43 2905 264 3007 plerumque
283 2905 519 3004 integriorem
538 2906 742 2996 retinuerit,
765 2904 878 2978 altera
890 2905 1029 2999 Ionica,
1053 2935 1148 3011 quae

7 3095 9 3124 ,
44 3033 198 3102 maxima
225 3052 269 3100 ex
294 3029 461 3128 partein
486 3026 646 3101 Atticam
677 3053 827 3130 quoque
852 3045 987 3106 terram
1013 3029 1147 3108 deinde

8 3139 9 3216 ξ
46 3155 199 3254 ingruit,
236 3151 282 3224 ab
312 3148 375 3222 illa
400 3153 606 3243 recesserit,
642 3150 818 3253 lingnales
849 3158 1034 3231 universas
1060 3159 1146 3232 sibi-

46 3276 121 3351 lans
141 3273 239 3376 (²¹⁹),
268 3273 414 3350 vocales
434 3301 565 3350 acuens
584 3291 621 3350 et
643 3291 832 3352 attenuans
851 3276 948 3377 (²2⁰),
978 3281 1148 3380 miroque

7 3465 8 3468 ¹
58 3465 251 3477 -———

7 3495 8 3560 1
96 3577 175 3655 (²¹⁸)
204 3577 248 3636 Ita
267 3574 470 3636 Muellerus
488 3581 554 3638 Etr.
563 3577 603 3635 11.
617 3596 646 3654 p.
655 3585 718 3640 295.
732 3585 847 3636 not18.
867 3599 890 3654 γ
908 3573 1022 3638 litterae
1042 3568 1066 3642 ί
1086 3578 1152 3642 lor-'

49 3697 121 3737 mam
134 3676 330 3740 Dorlensibus
344 3677 464 3737 maxime
478 3677 508 3737 in
522 3700 575 3738 usu
591 3675 677 3736 luisse
690 3688 781 3756 putat.

7 3751 9 3848 l
101 3767 180 3849 (²¹9)
205 3764 309 3848 δυεγός,
331 3763 435 3847 {undu
456 3765 543 3838 Aede,
564 3764 648 3838 Ζεῦςς
668 3762 783 3838 Fluunt,
803 3762 904 3843 abram
924 3769 985 3843 rod,
1007 3770 1059 3844 nd3
1085 3774 1155 3834 dor:

50 3859 136 3946 ἕωντι,
149 3867 265 3950 ἔχωντι,
282 3869 379 3930 boeot.
392 3860 488 3938 i‘var,
500 3862 627 3949 ἕχωνὲι,
645 3869 705 3930 ion.
718 3861 794 3947 ἔωσι,
807 3863 900 3950 ἔχωσι
905 3897 916 3943 3
937 3865 1149 3958 γραμματῖδδω,

14 4023 16 4032 ,
53 3963 246 4052 «γραμματῖξωω
273 3969 697 4054 ct.Boeckh.c.1.p.rrt.
721 3970 804 4054 golla.
825 3989 929 4050 tuggo,
955 3973 1020 4034 abd.
1039 3997 1150 4048 aunem

7 4061 8 4066 ’
52 4067 135 4150 goth.
148 4087 226 4147 varo,
246 4069 312 4134 abd.
325 4095 436 4149 ιναιανς
455 4073 538 4159 goth.
551 4081 627 4153 suti,
646 4072 713 4135 alul.
726 4079 814 4134 suast.
839 4072 879 4136 cl.
894 4071 1042 4138 Grimm.
1058 4080 1110 4142 Gr.
1123 4078 1149 4140 Ι.

53 4191 82 4250 p.
93 4181 154 4233 152.
168 4171 205 4234 al.

8 4359 9 4366 ἵ
103 4273 183 4356 (220)
208 4298 229 4335 a
240 4286 366 4338 mnutur
377 4275 408 4338 in
421 4301 437 4350 η
450 4269 593 4358 (Ἀθάνα,
607 4268 740 4356 νικάσας)
759 4276 807 4343 vel
825 4277 857 4340 in
876 4303 890 4338 ε
909 4269 1012 4366 (ἵοιρος,Ι
1026 4276 1079 4359 rol.
1096 4277 1149 4360 nol)
