2694 4978
561 341 633 478 aa

56 582 255 656 Herculani
285 581 425 660 excidio
453 571 587 660 Oscaln
611 583 851 662 litteraturam
877 585 995 662 adhuc
1020 591 1058 662 in
1085 617 1155 668 usu

54 707 179 798 fuisse,
201 705 320 808 aliqua
337 733 383 782 ex
400 723 505 809 parte
523 709 561 780 in
579 711 824 810 suspicionem
843 710 1048 788 vocandum
1067 738 1151 790 ceu·

54 855 166 923 seam,
193 846 236 905 ut
251 829 485 931 contendam,
515 834 623 908 etiam
642 837 979 938 pronuntiationem
1001 841 1153 912 reterri«.

7 993 8 996 ¹
55 981 151 1029 mam
169 953 389 1056 singularum
414 955 616 1041 litterarum
637 972 717 1032 tum
741 961 920 1060 temporis
946 961 984 1034 in
1009 960 1153 1062 populo
1282 1035 1287 1042 ,

7 1123 9 1140 .
53 1078 285 1181 superfuisse.

151 1203 232 1278 Iam
263 1228 366 1296 vers,
400 1207 431 1276 si
462 1229 555 1306 quae
586 1205 625 1280 in
651 1189 955 1308 praecedentibus
981 1232 1151 1308 compro·

51 1328 155 1400 basse
175 1327 265 1402 mihi
283 1325 424 1421 videor,
447 1326 492 1404 ad
511 1327 701 1420 Umbrica,
730 1356 824 1433 quae
844 1347 1051 1434 supersunt,
1072 1357 1152 1408 mo-

50 1467 243 1544 numenta¹
259 1449 486 1542 adhibemus,
525 1450 562 1526 id
598 1451 747 1555 quidem
779 1453 933 1530 dubium
966 1479 1043 1531 esse
1076 1481 1166 1530 non.

49 1591 189 1677 potest,
211 1601 255 1649 ex
269 1575 471 1678 Eugubinis
485 1575 619 1649 tabulis
636 1577 804 1670 Etrusca,
827 1583 902 1654 sive
922 1579 1038 1668 malis,
1061 1577 1152 1654 Um·
1172 1582 1173 1586 ’

49 1700 154 1772 brice
171 1702 324 1800 scriptas
342 1700 566 1798 antiquiores
588 1723 678 1791 esse,
708 1700 966 1800 quamLatine
986 1703 1150 1801 scriptas,

49 1819 89 1897 id
118 1818 219 1924 quod
244 1821 338 1896 infra
363 1821 558 1897 etiamalio
582 1825 723 1898 ratione
749 1823 922 1918 elucebit,
950 1826 1015 1900 ubi
1042 1850 1152 1925 quae·

50 1949 209 2020 ationem
235 1944 509 2048 descriptionis
534 1962 702 2048 tempore
729 1953 928 2024 accuratius
954 1974 1153 2050 perseque-v

7 2128 8 2137 ,
49 2097 152 2144 mur:
182 2095 291 2144 nemo
316 2073 415 2146 enim
435 2069 499 2145 has
523 2071 666 2144 tabulas
692 2099 777 2147 curn
802 2077 1039 2174 inscriptione
1058 2072 1151 2147 Her·

7 2239 9 2276 ι
50 2179 240 2270 calanensi
269 2209 481 2297 componet.
537 2195 699 2272 Tametsi
728 2212 850 2272 autem
880 2196 941 2272 illa
958 2201 1152 2298 scriptura

50 2318 141 2394 olim
172 2322 321 2421 propria
343 2299 392 2404 ¹et
415 2295 608 2396 vernacula
634 2320 745 2396 fuerst
768 2320 932 2414 Umbris,
965 2323 1152 2401 tamenin

7 2487 8 2520 1
47 2441 188 2516 Latinis
221 2469 371 2544 quoque
402 2443 537 2516 tabulis
566 2469 689 2519 veram
714 2442 943 2518 Umbrorum
973 2443 1148 2545 linguam,

7 2629 8 2646 .
48 2566 137 2642 licet
154 2565 282 2667 paullo
304 2579 543 2664 temperatam
561 2564 692 2638 Latina
717 2563 980 2666 pronuntiandi
1007 2567 1150 2668 elegan-

7 2767 8 2772 ,
47 2695 98 2764 tia
125 2685 393 2789 agnoscendam
417 2713 494 2763 esse
520 2689 692 2766 arbitror.
1145 2763 1150 2770 ,

150 2811 217 2888 IV.
248 2809 334 2905 Quo
354 2827 476 2886 autem
494 2828 661 2915 tempore
677 2811 844 2888 Romana
862 2812 1064 2888 litteratura
1080 2837 1150 2916 po-.

7 2982 8 3020 t
47 2941 229 3015 tissimum
253 2939 422 3038 usurpari
446 2952 579 3040 coepta
597 2940 699 3011 sitin
718 2921 885 3030 Umbria,
913 2936 951 3012 id
971 2945 1015 3014 e'x
1034 2936 1148 3012 bisto-

46 3067 101 3137 ria
125 3077 268 3135 tantum
285 3042 514 3136 Umbrorum
529 3061 657 3168 aliqua
673 3088 763 3136 cum
785 3062 1045 3165 probabilitate
1072 3062 1148 3138 col·
1245 3112 1247 3122 .

46 3187 110 3288 ligi
131 3167 240 3288 posse
258 3180 415 3260 videtur.
434 3165 437 3172 ’
463 3183 760 3276 Consentaneum
782 3190 878 3262 enim
906 3205 973 3280 cst,
1001 3187 1150 3262 Latinas

7 3359 8 3364 =
46 3311 187 3386 litteras
212 3334 290 3387 non
314 3297 493 3384 adhibitas
518 3333 608 3403 esse,
636 3326 833 3413 antequam
856 3315 934 3412 ipsa
959 3310 1147 3392 Romanoa

47 3463 135 3514 rum
162 3436 328 3538 potentia
356 3430 466 3508 etiam
490 3436 530 3508 in
551 3434 857 3527 rebus-civilibus
882 3437 967 3508 satis
992 3432 1149 3508 multum

48 3557 149 3664 apud
167 3558 267 3635 hunc
284 3557 467 3661 populum
484 3558 637 3636 valeret.-
676 3557 815 3633 Verum
833 3546 987 3634 maixime
1007 3573 1062 3633 est
1080 3553 1147 3633 do·
1276 3575 1280 3592 ’
1321 3553 1324 3568 ’

47 3681 218 3777 lendum,
258 3679 360 3786 quod
395 3679 440 3754 de
471 3681 623 3757 historia
654 3681 899 3778 Umbrorum,
937 3681 1148 3760 validissimi

50 3808 142 3883 olim
170 3823 280 3912 atquc
310 3831 380 3912 per
406 3821 522 3882 totam
550 3809 777 3910 superiorem
799 3808 942 3894 Italiam
965 3809 1148 3917 regnantis

48 3930 197 4036 populi,
227 3935 290 4034 qui
316 3931 377 4010 vel
394 3957 489 4006 unus
509 3935 673 4009 omnium
694 3935 963 4036 antiquissimus
982 3929 1048 4032 (⁸²)
1074 3930 1146 4005 Ita-
1219 4005 1221 4011 Α

101 4113 165 4196 (82)
188 4113 299 4176 Dion.
311 4073 443 4193 flattl,
456 4115 506 4184 to:
529 4105 615 4186 Ζηνὸ
621 4110 639 4174 δ
644 4138 721 4179 στος
731 4103 763 4174 δὲ
775 4103 941 4200 Τροιζήνιος,
953 4107 1146 4195 συγγραφεῦς

47 4210 209 4303 Ὀμβρικοῢ
220 4205 326 4278 ἔθνους
337 4213 503 4296 αὐθιγενεῖς
513 4217 598 4302 inps?
608 4211 639 4277 ri
653 4206 702 4287 uir
716 4211 823 4302 decim
836 4214 945 4288 οἰκῆσαι
958 4203 1019 4299 arrpl
1030 4208 1080 4286 nia
1092 4238 1145 4274 κα-

49 4311 181 4392 λουμένην
192 4308 341 4386 Ῥεατίνην.
369 4317 460 4380 Plin.
479 4323 563 4382 EN.
576 4319 632 4397 Ill,
646 4329 693 4387 19:
714 4316 896 4382 Umbrorum
914 4335 987 4402 gens
1004 4315 1145 4398 antiquir-
