2702 4980
724 351 805 440 102

544 552 577 617 2.
602 544 662 618 De
693 547 964 640 contractione,
1003 547 1175 650 elisione,
1213 544 1299 621 adie-

603 672 725 744 ctione
749 668 946 746 vocalium.
1144 671 1151 680 ’

396 793 444 868 Π.
477 791 542 898 Do
567 791 737 868 litteris
763 795 1127 876 consonantibus..

545 924 577 990 1.
602 916 662 991 De
687 921 889 993 mutatione
915 923 1208 1022 consonantium.

544 1049 576 1114 2.
601 1040 660 1114 De
685 1044 944 1118 coniunctione
970 1047 1261 1118 consonantium.

541 1174 576 1240 3.
601 1164 661 1240 De
681 1168 879 1241 omissione
898 1183 935 1268 et
953 1165 1158 1243 adiectione
1181 1193 1302 1242 conso·

601 1293 779 1364 nantium.
848 1293 851 1299 ’
921 1370 928 1384 „

454 1403 456 1409 ’
541 1417 574 1486 4.
599 1412 659 1487 De
673 1415 877 1489 abiectione
891 1418 1173 1516 consonantium
1184 1412 1304 1489 infini-

601 1539 670 1612 bus
695 1539 907 1614 verborum.
949 1543 952 1550 '
1032 1539 1036 1550 '
1079 1533 1082 1540 ’

93 1647 96 1658 ’
212 1662 449 1768 Cap.HI.De
475 1664 733 1737 nominibus
758 1663 933 1765 linguae
954 1661 1206 1756 Umbricae‚
1236 1687 1302 1736 eo·

438 1813 622 1889 rumque
650 1785 1007 1864 declinatione..
1089 1886 1091 1894 Ι

377 1911 443 1986 De
473 1912 624 1988 verbis
648 1910 827 2014 linguae
851 1910 1101 2002 Umbricae,
1135 1935 1304 1984 eorum·
1338 1935 1339 1950 ¹

437 2060 521 2138 que
546 2038 878 2138 coniugatione.

209 2157 440 2262 Cap.IV.De
465 2161 668 2250 ratione,
706 2187 789 2260 qua
816 2163 860 2233 in
885 2157 1221 2238 'vocabulorum
1248 2159 1305 2228 si·

412 2280 750 2384 ¹gnificationes
776 2280 1093 2383 inquirendum
1117 2283 1187 2355 sit.

328 2480 332 2490 ,
376 2405 577 2481 Latinam
600 2402 795 2505 linguam
821 2429 910 2478 non
936 2429 1029 2479 esse
1056 2407 1247 2478 mixtam.

375 2530 441 2606 De
473 2520 740 2631 cognatione
771 2527 948 2632 linguae
974 2527 1212 2604 Umbricae
1243 2542 1300 2602 at-

144 2693 147 2700 ·
238 2717 242 2724 .
369 2689 370 2692 ¹
438 2669 522 2757 que
546 2652 748 2756 Latinae.

369 2777 439 2854 De
466 2775 579 2854 Osca
604 2775 768 2876 lingua.

374 2901 440 2976 De
466 2899 623 3002 lingua'
642 2899 841 2974 Etrusca.

170 3093 172 3100 .
208 3025 350 3130 Cap.V.
374 3025 441 3099 De
466 3039 725 3125 argumento
750 3022 1016 3100 tabularum.

268 3209 271 3216 .
374 3149 441 3224 De
466 3146 672 3238 formulis
697 3147 960 3223 tabularum.

257 3340 261 3347 .
374 3273 439 3348 De
465 3261 720 3359 nominibus
745 3276 957 3376 propriis.

375 3397 659 3473 Recensentur
686 3395 904 3472 vocabula
933 3395 1300 3469 enuntiationes·

437 3547 543 3626 que‚
580 3545 770 3624 quarum
800 3545 982 3595 sensum
1012 3522 1125 3592 satis
1150 3542 1300 3622 magna

430 3644 1298 3749 ¹comprobabilitatoassequipossumus.
1336 3721 1337 3742 χ

209 3768 443 3880 Cap.VLDtJ
468 3772 659 3848 victimis
685 3771 730 3842 in
753 3768 925 3844 tabulis
950 3766 1208 3872 appellatis.
1336 3743 1337 3786 ³

375 3893 441 3968 De
468 3891 553 3966 diis
577 3891 860 3968 Umbrorum.

378 4017 578 4094 subiicitur
594 4040 764 4124 excunsus
780 4017 846 4092 De
870 4017 1010 4090 numia
1027 4011 1296 4110 Umbrorum·
