2702 4980
54 560 140 617 tera:
172 539 285 614 Este:
314 538 513 640 perediam:
542 564 646 613 uses:
671 542 896 614 aasentias:
919 553 1067 642 anetus,
1101 544 1140 614 in

50 667 171 740 altera:
207 667 301 737 Este
322 665 485 764 ,perseio
505 717 514 736 .
534 668 630 736 avet's
650 717 659 736 .
679 667 874 738 aserz‘aler.
893 681 1011 740 enetu.
1064 663 1137 740 Re·

49 786 224 894 spondent
256 784 390 860 deinde
415 785 613 862 Umbn‘eae
644 784 791 862 tabulae
825 787 987 864 eiusdem
1016 812 1140 866 versus

49 911 220 990 secundus
246 927 282 986 et
305 913 436 985 tertius
456 916 576 989 versui
597 915 770 994 vicesimo
790 909 1137 1008 seeundoLatinae,

49 1057 84 1114 et
111 1061 230 1114 versus
256 1060 308 1110 ιν.
342 1061 460 1138 usque
492 1035 538 1110 ad
564 1059 603 1111 x.
631 1034 829 1112 Umbrieae
859 1036 973 1112 finem
1003 1039 1142 1114 faciunt

48 1169 84 1238 in
106 1165 245 1266 postica
270 1161 422 1236 Latinae
446 1161 606 1236 tabidae.
646 1159 740 1236 Inde
766 1187 787 1236 a
812 1177 918 1238 tersn
938 1187 987 1236 x1.
1013 1161 1143 1238 eadem·

47 1291 179 1390 postica
210 1285 409 1360 Umbrioae
442 1285 588 1360 tabulae
623 1283 825 1389 respondet
859 1287 966 1361 initio
1002 1291 1142 1362 antieae

46 1413 191 1486 Latinae
215 1432 333 1511 usque
360 1407 405 1482 ad
430 1431 576 1484 versum
600 1432 676 1484 m.
729 1412 860 1514 Itaque
890 1415 1031 1515 postica
1057 1432 1141 1516 pars

44 1537 191 1610 Latinae
216 1533 362 1608 tabulae
385 1532 647 1638 praeponenda
669 1547 735 1608 est.
778 1533 883 1628 Quae
902 1559 991 1612 vero
1012 1541 1051 1610 in
1069 1537 1140 1610 La-

11 1725 12 1754 q
42 1665 142 1734 tinae
166 1657 308 1732 tabulae
336 1661 453 1732 antica
475 1673 562 1762 post
580 1673 726 1736 versum
745 1683 821 1734 xm.
851 1669 1138 1761 consequuntur,

10 1863 13 1869 ,
44 1787 223 1886 incipiunt
249 1782 447 1858 Umbricae
477 1769 624 1857 tabulae
655 1787 825 1858 anticam.
877 1785 1008 1886 ltaque
1039 1799 1141 1886 post*

8 1970 20 2015 ,
44 1905 218 2012 ponenda
244 1923 296 1981 est
319 1906 411 1981 haee
436 1910 566 1981 antica.
616 1906 791 1982 Eiusdem
817 1905 977 2011 denique
1003 1911 1142 1982 anticae

43 2029 192 2106 dimidia
217 2054 301 2134 pars
334 2035 420 2131 (ves.
436 2055 538 2107 xx1v.
560 2047 597 2106 et
620 2035 745 2134 seqq.)
777 2030 978 2137 respondet
1003 2038 1142 2108 anticas

43 2155 187 2231 tabidae
212 2159 405 2258 septimae,
441 2155 541 2232 unde
565 2173 732 2260 apertum
756 2157 819 2251 fit,
857 2171 976 2233 sextae
996 2159 1143 2233 tabulae

5 2269 17 2352 ζ
42 2285 161 2356 statim
191 2283 398 2355 continuari
430 2285 634 2386 septimam.
688 2283 793 2357 Hane
818 2282 1034 2385 Bourguetii
1065 2285 1141 2356 ani-

8 2425 12 2497 t
42 2404 330 2483 madversionem
348 2411 510 2479 insnum
529 2430 636 2478 usum
657 2409 765 2478 etiam
784 2403 968 2490 Passerius
990 2423 1027 2479 et
1039 2406 1141 2480 Lan-

8 2504 11 2515 *
42 2536 115 2604 zius
134 2545 406 2605 converterunt.
444 2527 671 2630 Ceteroquin
689 2525 872 2601 Passerius
892 2536 972 2600 tum
994 2531 1033 2600 in
1052 2529 1142 2630 Epi-

40 2655 144 2730 stolis
168 2653 486 2742 Roncaliensibus‚
514 2668 595 2726 tum
618 2655 658 2724 in
676 2649 966 2754 Paralipomenis
985 2655 1142 2752 praemi-

38 2785 84 2855 sit
109 2780 260 2854 Latinas
278 2776 435 2870 tabulas,
463 2792 628 2854 secutum
649 2801 687 2852 se
708 2776 832 2851 dicens
851 2773 934 2876 (²⁶⁹)
954 2755 1145 2850 Iustiniani

36 2905 195 3006 Augusti
226 2902 439 2995 consilium,
474 2929 494 2974 a
519 2902 744 2975 facilioribus
771 2919 848 2976 esse
879 2898 1140 3006 inehoandum.

3 3071 4 3076 =
36 3028 180 3120 Nobis,
218 3029 356 3129 quippe
389 3030 452 3128 qui
483 3021 581 3098 haud
614 3037 804 3126 putamus,
839 3048 951 3100 unam
980 3027 1145 3102 tabulam

36 3154 155 3228 altera
180 3145 321 3226 facilius
346 3170 455 3254 posse
482 3148 667 3252 explicari,
696 3167 817 3256 neque
843 3135 1035 3227 meliorem
1055 3176 1143 3226 con-

36 3281 226 3382 speximus
253 3293 424 3352 eventum
449 3277 488 3348 in
512 3274 651 3350 Latinis
680 3303 790 3378 quam
814 3279 854 3348 in
880 3275 1065 3349 Umbricis
1090 3289 1143 3346 ta-

34 3403 140 3478 bulis
167 3427 187 3474 a
211 3393 378 3476 Passerio
403 3403 563 3493 tentatis,
593 3397 698 3474 aliter
722 3402 840 3474 visum
865 3412 932 3488 est,
960 3398 1145 3499 satiusque

31 3530 170 3604 secisse
202 3505 271 3600 nos
303 3522 503 3616 eredimus,
540 3528 571 3598 si
602 3521 647 3594 ad
678 3523 855 3623 temporis
885 3523 1066 3598 rationem
1090 3539 1143 3599 ta⁴

29 3653 149 3728 bulas
175 3649 371 3754 disponere
398 3650 603 3748 contigerit.

145 3776 224 3849 Iam
249 3798 338 3852 vero
365 3786 464 3844 extra
491 3767 644 3842 dubium
674 3771 836 3872 positum
864 3768 1021 3864 videtur,
1057 3774 1145 3845 Um-

26 3908 133 3978 baa'ee
159 3903 304 4000 scriptas
336 3894 477 3972 tabulas
510 3895 735 3996 antiquiores
768 3919 845 3972 esse
869 3895 1029 3988 Latinis,
1064 3893 1144 3970 illas

26 4073 248 4092 ..nana—ffl-
335 4086 338 4092 ,

88 4179 176 4260 (2⁵⁹)
201 4183 304 4239 aaut.
317 4179 418 4259 nata.
