2694 4978
691 327 822 440 aa,

171 525 283 600 refert
307 525 508 598 litterarum
529 521 656 596 formis
677 519 915 614 Graecarum,
945 525 1014 596 sibi
1034 519 1165 627 aliquis
1183 549 1266 626 per-

172 644 351 739 suadebit,
382 645 560 720 Graecam
585 646 714 720 fuisse?
764 646 814 719 At
842 645 958 747 qualis
983 646 1149 722 litteratis
1176 664 1268 722 tcm-

172 772 324 874 poribus
355 775 394 844 in
421 798 494 860 usu
518 770 588 847 fuit
614 769 807 862 Graeciae,
842 769 951 844 fuisse
980 765 1125 872 nequit,
1161 787 1270 874 atque

172 901 268 969 inter
294 898 503 972 veterrimas
530 892 705 992 Graeciae
735 894 873 968 litteras
903 894 1147 996 Etruscasque
1172 911 1272 999 tanta

131 1064 133 1071 ·
172 1023 374 1093 intercessit
403 1016 617 1109 similitudo,
652 1034 694 1092 ut
726 1044 815 1121 quas
840 1019 1010 1091 Etruscas
1034 1021 1073 1091 in
1101 1017 1273 1093 columna

173 1147 391 1246 perscriptas
411 1139 567 1236 videret,
585 1141 645 1218 rel
666 1121 773 1216 docte
794 1158 919 1244 posset
936 1132 1135 1246 Dionysius
1156 1139 1271 1216 Grae-

156 1293 233 1342 cas
257 1264 455 1368 appellare,
483 1269 656 1340 nimirum
677 1261 720 1342 οἷς
739 1258 775 1338 ti
798 1257 933 1338 παλαιὸν
951 1267 969 1352 ἡ
987 1260 1110 1343 ‘Eitis
1129 1266 1269 1376 ἐχρᾶτο,

173 1407 214 1463 ut
244 1393 323 1490 ipse
356 1385 457 1462 addit
487 1433 523 1446 -
557 1387 694 1490 studuit
725 1392 822 1462 enim
856 1389 923 1464 illo
958 1393 998 1464 in
1029 1390 1141 1482 loce,
1172 1387 1273 1491 quod

173 1515 285 1586 totius
305 1512 382 1596 fere
403 1516 524 1616 operis
544 1512 614 1587 fuit
633 1513 839 1605 consilium,
865 1529 908 1588 ut
926 1511 1114 1587 Romanos
1132 1511 1272 1586 Graeca

172 1636 283 1710 fuisse
310 1640 448 1740 origine
474 1638 662 1740 probaret,
700 1635 801 1740 quod
827 1641 905 1710 iarn.
925 1663 1024 1714 novo
1050 1637 1274 1712 litteraturae

148 1775 153 1781 “
175 1763 388 1868 argumento
413 1762 542 1835 fulcire
560 1764 646 1834 ‘sibi
670 1759 816 1836 videtur
837 1805 894 1835 -.
930 1759 974 1834 Id
1002 1765 1122 1863 ipsum
1150 1763 1271 1862 igitur,

177 1880 279 1987 quod
310 1883 357 1958 de
383 1883 533 1958 Graecis
565 1887 735 1986 antiquae
761 1883 901 1958 Romae
926 1883 1057 1958 litteris
1082 1884 1143 1956 hic
1167 1885 1277 1957 nobis

176 2007 306 2098 refert,
348 2023 510 2082 nostram
539 2012 671 2082 mirum
704 2023 880 2110 quantum
911 2005 1102 2080 confirmat
1129 2021 1276 2078 senten-

64 2141 90 2175 ·‘
176 2134 263 2204 tiam
278 2127 358 2228 (⁵⁸).
418 2130 527 2206 Adde
567 2128 669 2234 quod
700 2131 841 2206 Plinius
855 2128 920 2229 (5⁹)
957 2127 1003 2204 de
1036 2132 1277 2206 vetustissima

176 2253 262 2328 ilice
279 2254 325 2327 'in
343 2254 520 2329 Vaticano
546 2271 822 2346 commemorat,
851 2259 890 2329 in
918 2283 989 2359 qua
1013 2254 1140 2330 titulus
1162 2257 1278 2326 aereis

69 2470 72 2482 Ι
177 2378 306 2450 litteris
332 2379 493 2454 Etruscis
525 2379 701 2482 religione
734 2380 904 2452 arborem
930 2383 1001 2452 iam
1026 2395 1105 2452 tum
1133 2375 1288 2478 dignam·

178 2501 288 2575 luisse
313 2503 503 2604 significet.
559 2501 684 2596 Quid?
716 2499 817 2605 quod
843 2501 890 2576 de
914 2501 1079 2576 Romana
1105 2505 1161 2574 sui
1185 2516 1278 2574 tern-

178 2630 279 2730 poris
303 2626 504 2703 litteratura
530 2625 628 2702 idem
653 2625 793 2700 Plinius
807 2626 872 2726 (⁶⁰)
899 2643 936 2700 et
956 2627 1106 2700 Tacitus
1118 2625 1182 2725 (⁶¹)
1209 2651 1300 2728 no—=

177 2767 268 2844 tant,
298 2749 343 2824 ad
366 2755 597 2827 veterrimam
616 2749 795 2823 Graecam
818 2775 898 2822 eam
923 2747 1108 2823 accedere:
1139 2753 1178 2821 in
1202 2775 1280 2850 quo

179 2899 256 2945 non
277 2877 429 2946 omnino
451 2868 776 2975 reprehendendos
798 2869 975 2964 duxerim,
1006 2899 1119 2974 quum
1136 2871 1282 2946 litterae
1343 2856 1344 2873 l

183 3001 211 3070 D
244 3013 282 3071 et
314 3003 352 3079 V.
384 3014 420 3072 et
452 3001 478 3072 F
505 3014 542 3072 et
570 3001 590 3072 l
622 2994 749 3072 revera
780 3012 922 3072 tantum
952 3000 992 3068 in
1023 2997 1283 3098 antiquissimis

182 3120 409 3196 Graecorum
429 3123 674 3202 monumentis
696 3124 935 3224 reperiantur.
991 3121 1153 3194 Tametsi
1172 3124 1283 3222 igitur

182 3301 648 3414 χαρακτῆραςἜλλῆνικῶν,
667 3319 716 3391 οἷς
735 3322 770 3386 ri
792 3322 944 3386 παλαιὸν
962 3322 1117 3398 ἧἙλλᾶς
1134 3325 1280 3412 ἐχρᾶτο.

182 3419 258 3488 ilua}
277 3427 345 3490 ariri
364 3421 503 3504 ποιήσαιτ’
517 3418 552 3489 ἄν
571 3453 623 3492 τις
640 3427 678 3490 οὔ
696 3416 818 3514 titania
838 3417 1026 3512 τεκμήριον
1045 3431 1110 3486 τοῦ
1126 3422 1168 3499 μὴ
1188 3419 1281 3511 βαρ-

182 3521 322 3615 [idquae
340 3522 425 3591 sirm
443 3526 527 3595 ratio
547 3525 760 3594 οἰκίσαντας
776 3524 837 3602 τὴν
855 3519 997 3614 Ῥώμην·
1016 3525 1047 3587 οὗ
1061 3524 1120 3614 «γὰρ
1134 3519 1281 3599 ἂνἙλλη-

184 3635 266 3690 amois
278 3631 403 3716 ἐχρῶντο
417 3624 580 3717 *soriniacam
593 3622 671 3694 dvcto
683 3623 839 3716 βάρβαροι.

234 3734 296 3814 (58)
324 3736 435 3803 Verum
449 3734 525 3795 iusto
539 3735 603 3816 plus
617 3721 714 3798 verbis
731 3735 809 3796 Livii
819 3733 889 3808 vn,
902 3745 929 3794 3.
952 3731 1121 3814 Polyb.111‚
1134 3743 1179 3792 22.
1202 3731 1281 3792 Plio.

185 3836 269 3898 H.N.
279 3837 402 3914 XXXV,
412 3849 458 3900 2³.
477 3836 582 3898 tribuit
595 3837 648 3900 lrac
665 3838 747 3900 iure
765 3837 933 3898 Swinton
951 3835 982 3896 in
998 3833 1075 3896 Diss.
1094 3835 1131 3896 de
1148 3833 1283 3916 priscis

186 3939 378 4002 Romanor.
392 3938 543 4002 litteris.
565 3939 663 4004 Oxou.
678 3941 757 4006 1746.
771 3951 879 4020 p·t-5.

237 4043 300 4122 (59)
324 4041 364 4102 Η.
372 4044 411 4103 Ν.
421 4042 504 4120 xvi,
518 4051 562 4107 87.

127 4171 129 4177 ·
237 4147 299 4224 (⁶⁰)
323 4145 488 4222 H.N.VII‚
498 4157 547 4236 ῤ8.

204 4275 208 4284 ’
239 4247 300 4325 (⁶¹)
325 4245 431 4309 Annal.
444 4247 498 4322 xl,
513 4249 555 4310 tl.
