2694 4978
578 360 631 446 33

42 546 258 654 (ob'rravs,
291 545 435 661 ἀμίργη,
468 545 630 661 πορφύρα,
663 543 762 640 ὄγκος
794 552 841 626 cf.
873 551 1147 628 Schneid.1.1.

40 708 81 782 p.
94 679 188 778 27.).
241 679 366 780 Ipsum
390 679 492 752 urbis
511 677 653 750 Romae
672 673 809 750 nomen
830 680 961 750 rectius
981 677 1151 782 profecto

42 831 65 876 a
96 831 200 876 ruore
225 806 250 876 i.
262 829 295 877 e.
325 829 499 892 mamma,
535 827 645 904 quam
674 826 693 872 a
721 798 866 874 Graeco
892 792 980 907 ῥώμη
995 800 1060 900 (⁷¹)
1087 801 1150 876 de·

42 931 220 1002 rivatur.‘
244 927 300 1000 Ex
322 925 498 1000 Prisciani
520 924 584 998 l.l.
606 928 750 1015 scimus,
779 939 920 998 veteres
940 927 1048 996 etiam
1064 952 1150 999 eun·

37 1077 166 1148 grum,
195 1047 389 1146 baralirem,
405 1034 553 1148 sunus,
568 1049 745 1148 srundes,
775 1046 819 1120 al.
846 1045 990 1138 dixisse,
1027 1075 1152 1150 „quae

39 1189 171 1246 tamen
197 1201 217 1246 a
242 1175 447 1246 iunioribus
465 1171 655 1276 repudiata
675 1175 760 1263 sint,
791 1175 894 1273 quasi
913 1176 1042 1245 rustico
1058 1201 1152 1246 inore

5 1354 9 1364 .
42 1295 180 1370 dicta''.
235 1298 284 1370 Et
314 1300 352 1370 in
375 1301 512 1371 rustico
541 1294 692 1400 quidem
723 1322 787 1369 ore
814 1312 943 1370 notum
970 1313 1036 1388 est,
1071 1296 1150 1399 ple*

40 1445 205 1524 rumque
231 1447 355 1497 veram
379 1421 523 1522 linguae
543 1421 819 1494 inclinationem
838 1423 1013 1524 perspici;
1043 1448 1154 1522 quam

41 1549 94 1620 ob
126 1572 288 1620 caussam
310 1543 409 1616 haud
429 1559 536 1649 puto,
566 1544 716 1618 alteram
738 1569 887 1644 quoque
907 1548 1153 1620 inversionem

38 1671 192 1742 litterae
212 1696 246 1758 o,
277 1691 371 1768 quae
396 1682 525 1769 postea
546 1694 571 1738 n
596 1667 837 1756 scribebatur,
867 1692 950 1740 rure
970 1672 1153 1768 repertam

39 1793 173 1866 fuisse.
226 1789 368 1864 Pluries
396 1793 503 1864 etiam
523 1789 664 1864 Rornae
690 1793 862 1891 scriptam
886 1816 999 1891 quam
1019 1787 1153 1870 dictam

6 1995 7 1998 ,
41 1920 215 2018 suspicor
235 1942 256 1986 ο
274 1913 445 2005 litteram,
470 1917 645 2016 quoniam
666 1917 818 2017 quaein
837 1940 944 1987 usum
961 1912 1153 2016 publicum

41 2058 159 2142 atque
192 2037 396 2112 solemnem
430 2041 694 2131 scriberentur,
713 2075 714 2078 ¹
731 2037 943 2141 politiorem
970 2035 1153 2138 quandam
1238 2021 1241 2040 ¹

42 2180 83 2238 et
115 2163 375 2264 elegantiorem
409 2161 581 2236 exhibere
613 2159 797 2236 debebant
827 2165 1056 2264 scripturam,
1078 2160 1152 2236 vcui

41 2286 191 2362 Graeca
221 2314 242 2361 ο
273 2286 393 2360 littera
424 2289 546 2388 magis,
567 2284 994 2388 conveniretvidebatur.
1049 2283 1154 2358 Idem

44 2415 157 2486 etiam
183 2410 266 2486 Vel.
291 2410 442 2512 Longus
473 2415 626 2483 innuere
658 2409 820 2499 videtur,
859 2415 924 2512 qui
950 2388 1152 2512 (paulu)

45 2538 189 2610 scribit:
222 2531 364 2634 „Apud
389 2557 458 2604 nos
485 2517 635 2632 quoque
659 2529 858 2604 ostendunt
883 2535 1038 2631 antiqui,
1069 2535 1153 2632 quia

43 2683 167 2761 aeque
193 2654 361 2730 confusas
386 2653 526 2728 litteras
550 2680 572 2724 o
598 2668 635 2726 et
661 2652 891 2744 rehabuere,
925 2679 1011 2724 narn
1036 2655 1157 2730 consol

42 2785 244 2857 scribebant
260 2804 328 2885 per
347 2805 381 2871 0,
413 2804 528 2880 quum
546 2777 721 2876 legeretur
735 2805 802 2878 per
821 2804 846 2848 ιι
865 2775 1004 2849 consul.
1043 2754 1155 2878 Unde

5 2913 7 2918 '
43 2911 85 2980 in
113 2905 236 2978 mtdtis
263 2907 372 2978 etiam
392 2901 603 2976 nominibus
624 2905 745 2977 variae
765 2916 849 2974 sunt
869 2903 965 3004 scrip
967 2912 1083 3008 turae,
1112 2917 1154 2975 ut
1178 2944 1179 2952 κ

30 3032 166 3130 sontes
197 3044 234 3102 et
252 3029 404 3126 sontes,
427 3019 586 3126 frondes
617 3040 654 3098 et
672 3022 869 3124 frundes”.
917 3023 1031 3118 Quae
1064 3049 1152 3101 vero

45 3176 195 3254 cunque
228 3154 361 3247 veteris
391 3152 560 3226 novimus
590 3149 794 3240 latinitatis,
832 3145 877 3222 de
903 3148 1061 3251 publicis
1089 3146 1152 3222 de·

17 3267 25 3282 ⁶
46 3293 165 3356 sumta
198 3291 283 3349 sunt
313 3275 578 3365 monumentis,
615 3299 774 3376 quorum
805 3275 998 3346 veterrima
1028 3274 1154 3373 paucis

47 3417 191 3476 tantum
222 3402 325 3503 annis
357 3415 553 3500 antequam
578 3397 704 3493 Livius
729 3393 964 3469 Andronicus
992 3393 1153 3468 Graecus
1197 3409 1199 3416 '

46 3529 206 3626 primum
238 3519 395 3623 prodiit,
429 3525 629 3625 perscripta
664 3535 779 3594 sunt..
816 3517 883 3593 Sin
912 3545 999 3594 vero
1034 3522 1155 3594 statim

47 3651 94 3720 ab
119 3651 224 3722 initio
246 3673 268 3720 ο
286 3646 445 3718 litteram
464 3645 755 3748 pronuntiabant
773 3639 945 3736 Romani,
975 3659 1055 3718 tum
1073 3647 1153 3747 qui-

48 3769 135 3844 dem
161 3765 426 3859 contenderim,
455 3772 597 3868 signum
624 3793 774 3870 quoque
800 3766 907 3842 huius
926 3767 1068 3844 litterae
1090 3793 1153 3840 eos
1240 3859 1242 3864 Ι

47 3896 217 3969 habuisse
242 3895 411 3970 velante
438 3892 659 3968 tertiumab
685 3891 789 3968 Urbe
815 3892 1014 3967 saeculum.

95 4174 161 4254 (71)
188 4173 313 4236 Swiut.
331 4180 611 4252 Bisambritae.
627 4180 658 4238 L.
678 4184 744 4257 pul
776 4123 1152 4259 SchlegelHerilclberg.

7 4293 10 4300 ·
47 4279 149 4338 Jatra.
165 4281 245 4339 1816.
260 4277 315 4337 Nr.
322 4289 367 4337 55.

897 4391 950 4486 [3]
