2694 4978
560 396 612 486 17

135 569 292 694 Vestigia
308 593 443 694 premit
454 588 669 692 Bourguetii
688 588 750 662 Fr.
764 587 929 666 Gorius
947 595 986 666 in
1004 591 1134 669 Museo

30 718 189 790 Etrusco
204 715 283 814 (³⁷),
307 711 413 818 quodv
428 717 549 817 ipsum
565 717 711 787 initium
731 717 829 816 capit
847 741 867 788 a
889 715 1041 790 Tabulis
1058 719 1132 793 Eu·

31 843 189 942 gubitis.
231 837 382 942 Repetit
400 837 501 913 illam
522 836 740 930 „Carminis
765 837 1040 914 lamentabilis”
1061 841 1132 917 his·
1163 820 1168 832 ⁸

31 963 203 1038 toriolam
221 964 267 1036 ab
287 966 405 1037 amico
424 961 619 1065 prolatam,
647 965 783 1064 repetit
803 962 883 1036 illas
910 968 1134 1067 captationes

31 1090 228 1164 verborum
254 1087 427 1160 similium
454 1085 648 1179 eGraeca,
674 1089 857 1190 variisque
885 1084 1134 1164 Orientalibus
1245 1086 1248 1099 '

30 1211 162 1313 linguis
181 1209 442 1286 conflatorum:
463 1237 579 1284 unum
596 1225 739 1285 tantum
758 1208 804 1284 dc
823 1214 896 1286 suis
916 1208 1030 1306 addit,
1051 1238 1132 1289 ver·

30 1336 129 1410 sibus
161 1333 378 1409 hexametris
407 1333 499 1408 haec
528 1316 688 1409 lamenta
713 1337 917 1439 perscripta
946 1361 1024 1412 esse
1048 1336 1130 1437 (³⁸).

29 1459 170 1534 Verum
189 1456 358 1534 emendat
377 1461 416 1532 in
433 1461 558 1562 paucis
579 1457 817 1561 alphabetum
836 1460 1051 1562 Bourguetii
1065 1461 1131 1562 (³⁹)
1196 1437 1199 1446 ’

30 1599 65 1657 et
91 1599 282 1685 praeterea
308 1578 413 1655 -id
439 1578 541 1682 quod
566 1583 677 1686 nobis
703 1586 868 1656 omnium
892 1588 1133 1684 gratissimum

27 1705 118 1780 fecit
137 1749 178 1762 -
193 1703 357 1780 tabulam
375 1699 473 1806 apud
491 1703 754 1806 Dempsterum
772 1704 969 1780 secundam
990 1693 1134 1809 profert

31 1855 117 1921 „ex
142 1827 355 1930 archetypo,
389 1826 512 1902 charta
544 1827 775 1931 epigraphice
805 1832 915 1904 ineo
940 1827 1134 1933 diligenter

28 1957 217 2054 impressa,
248 1949 462 2040 desumtam‚
496 1977 607 2054 quam
633 1979 717 2026 cum
742 1955 824 2056 ipso
851 1933 1134 2034 commtmicavit

26 2075 156 2150 Franc.
167 2074 350 2151 Victorius
365 2091 402 2150 et
415 2091 525 2180 quam
541 2076 683 2150 buxeae
700 2081 823 2179 potius
840 2079 1001 2172 tabulae,
1023 2107 1132 2182 quam
1213 2093 1223 2117 ²

28 2224 156 2273 aereae
188 2196 424 2274 incidendum
456 2203 595 2277 curavit
625 2197 836 2303 diligenter,
880 2206 966 2305 quia
1002 2203 1132 2278 melius

28 2327 77 2396 ita
109 2323 249 2398 litteras
276 2323 481 2448 archetypis
507 2324 706 2400 simillimas
733 2330 997 2429 repraesentari
1022 2353 1131 2431 posse

28 2445 217 2522 censuit.”

130 2571 345 2669 Bourguetii
377 2567 536 2671 denique
567 2573 784 2642 sententiam
806 2560 942 2673 partim
964 2590 1006 2647 ut
1029 2578 1129 2676 inge-

28 2695 272 2769 niosissimam
288 2694 451 2784 miratur,
473 2695 607 2796 partim
624 2696 708 2766 satis
726 2709 830 2767 acute
848 2697 1037 2797 impugnat
1050 2700 1130 2770 Aa·

29 2819 145 2892 athala
163 2814 370 2915 degt'Abau·
386 2817 543 2915 Olivzeri,
572 2820 647 2920 qui,
666 2833 863 2920 postquam
883 2822 922 2892 in
943 2819 1025 2892 T.L
1044 2819 1129 2894 Dis&

29 2935 268 3016 sartationum
282 2939 568 3016 Cortonensium
578 2939 659 3041 (⁴⁰),
683 2968 777 3042 quae
792 2942 856 3016 ille
870 2940 916 3017 de
932 2941 1130 3046 alphabeto

28 3065 186 3139 Etrusco
206 3067 360 3166 scripsit,
387 3067 426 3138 in
450 3065 613 3167 linguam
635 3064 800 3140 Italicam
824 3092 999 3143 conversa
1023 3093 1129 3171 repe·
1233 3063 1235 3068 ’

29 3193 98 3283 tiit,
130 3191 170 3262 in
190 3188 237 3262 T.
252 3188 304 3262 Π.
326 3185 392 3290 (⁴¹)
419 3193 528 3263 etiam
544 3191 686 3292 priores
709 3188 799 3264 duas
816 3189 1031 3294 Bourguetii
1056 3190 1128 3294 dis·

29 3397 143 3475 (37)
170 3398 301 3452 Murcum
319 3399 486 3462 Etruscum,
504 3401 638 3453 exhibens
652 3401 779 3465 insignia
795 3401 929 3453 Veterrcm
940 3399 1130 3453 Etruscorum

32 3513 217 3556 monumenta
229 3503 320 3556 aerea
333 3503 438 3556 tabula
452 3513 501 3592 cc,
519 3521 597 3556 nunc
605 3503 733 3572 pn'rrrum
703 3503 822 3554 medita
835 3502 1130 3556 eetlluseraeaohser·

32 3605 192 3659 maronibus
218 3595 377 3658 Antonii
401 3597 593 3661 Francisci
620 3596 739 3658 Gorii.
763 3596 866 3716 71141
887 3595 969 3668 flor.
982 3607 1062 3666 1⁷³7.
1089 3598 1128 3716 cl.

32 3698 100 3759 Vol.
108 3700 148 3760 11.
161 3701 260 3781 plot.
273 3719 353 3780 seqq.

83 3801 146 3879 (³⁸)
171 3823 199 3882 p
209 3811 272 3868 387

83 3902 146 3981 (³⁹)
173 3901 221 3962 ct
242 3902 340 3981 etiam,
359 3921 443 3983 quarn
457 3902 635 3996 peculiarem
648 3904 741 3966 edidit
758 3905 795 3966 da
815 3907 915 3968 eadem
934 3925 968 3967 re
988 3903 1129 3967 Gorius

34 4001 276 4066 dissertallonem:
300 4009 406 4082 Disesa
422 4012 493 4063 dell>
504 4006 640 4082 Alsabeto
657 4011 791 4070 Etrusco.
814 4009 894 4072 1742.

82 4105 146 4186 (40)
171 4111 265 4176 Sages
281 4115 313 4166 di
328 4112 541 4168 Dissertazahni
555 4113 758 4170 Accademiche
777 4121 833 4172 etc.
851 4115 885 4168 di
903 4115 1036 4168 Cortona.
1062 4107 1129 4182 TJ.

35 4211 64 4264 in
74 4203 182 4270 Roma.
198 4207 278 4273 1742.
923 4277 925 4283 ,

82 4311 146 4393 (41)
172 4315 267 4383 Saggr'
277 4320 334 4372 ele.
347 4311 384 4374 T.
392 4311 432 4374 II.
451 4319 482 4372 in
494 4319 599 4376 Roma.
616 4309 695 4379 1738.
719 4313 829 4375 Disal.
849 4312 878 4373 di
890 4308 1036 4376 Annibale
1053 4314 1081 4374 d.
1094 4313 1131 4374 Α.

875 4429 929 4525 [2]
