2702 4980
517 359 687 485 ‚87'

46 573 145 644 nius
171 572 210 644 in
233 567 342 672 υἱός.
356 569 388 662 1,
407 575 443 644 2.
462 546 627 671 ages.
647 567 744 668 (²⁴2),
777 575 839 672 qur
867 575 1017 646 innuere
1043 572 1143 646 vide·

7 707 9 812 p
44 709 126 786 tur,
161 697 256 768 circa
287 721 321 770 a.
333 693 382 769 U.
400 697 472 768 tto
504 692 600 768 hanc
632 697 909 770 conversionem
943 697 1141 798 incepisse,
1204 762 1206 771 .

7 813 8 880 i
45 816 209 893 Cicero
240 816 412 928 denique,
448 821 513 920 qui
543 821 582 892 in
606 816 799 921 Epistad
824 818 940 894 famil.
969 818 1139 912 l.1X,21

43 939 179 1016 diserte
196 959 334 1022 narrat:
360 942 559 1036 „Fuemnt
576 945 673 1019 enim
692 947 836 1046 patricii
854 947 1039 1018 minorum
1058 969 1143 1045 gen-

42 1069 163 1157 tium,¹
182 1093 341 1169 quorum
365 1070 537 1170 princeps
561 1067 608 1144 L.
623 1065 791 1170 Papirius
816 1067 1052 1170 Mugillanus,
1081 1073 1145 1170 qui

42 1215 174 1282 censor
192 1217 276 1284 cum
294 1189 340 1270 L.
355 1189 576 1293 Sempronio
595 1190 766 1267 Atratino
787 1192 869 1284 fuit,
899 1219 1014 1294 quum
1039 1207 1145 1266 antea

43 1314 175 1388 consul
199 1341 284 1388 cum
308 1312 440 1390 eodem
464 1316 603 1409 fuisset,
633 1319 736 1390 annis
762 1333 849 1420 post
870 1315 1029 1390 Romam
1054 1343 1143 1391 con·

42 1436 158 1513 ditam
193 1465 327 1513 cccxu.
382 1437 457 1514 Sed
488 1456 568 1514 tum
599 1438 753 1543 Papisii
771 1439 1002 1516 dicebamini.
1054 1439 1145 1515 Post
1197 1465 1232 1514 ’,

6 1571 7 1598 ¹
41 1562 142 1636 hunc
177 1589 259 1638 x111.
297 1563 446 1659 fuerumt
478 1561 568 1638 sella
602 1564 720 1636 curuli
754 1579 837 1668 ante
875 1565 923 1638 L.
955 1564 1144 1666 Papirium

42 1687 236 1779 Crassum,
273 1689 337 1789 qui
367 1689 527 1788 primum
556 1683 722 1789 Papisius
755 1703 809 1762 est
838 1691 961 1764 vocari
992 1685 1140 1761 desitus.

4 1849 6 1862 ·
37 1811 77 1884 Is
105 1808 262 1884 dictator
286 1837 371 1884 cum
394 1809 441 1890 L.
461 1808 610 1912 Papirio
637 1809 812 1904 Cursore,
841 1815 1012 1914 magistro
1040 1814 1142 1914 equi-

37 1949 133 2023 tum,
158 1934 272 2026 factus
293 1951 357 2023 est,
383 1937 485 2009 annis
504 1951 591 2038 post
605 1933 763 2012 Romam
780 1935 966 2012 conditam
983 1961 1144 2024 ccccxv,

4 2071 11 2112 s.
38 2073 78 2131 et
99 2055 340 2160 quadriennio
361 2075 448 2162 post
473 2058 603 2136 consul
628 2087 712 2134 cum
731 2059 781 2134 K.
796 2059 975 2158 Duilio.'’
1018 2059 1143 2154 Quare

3 2227 7 2235 .
39 2187 71 2256 si
90 2211 111 2254 r
127 2208 197 2285 pro
222 2211 241 2256 s
266 2186 306 2256 in
331 2185 541 2258 nominibus
565 2189 725 2288 propriis
751 2188 847 2260 cirea
872 2213 905 2260 a.
920 2184 969 2259 U.
986 2191 1060 2258 400
1085 2187 1141 2257 in-
1219 2211 1222 2220 ¹

4 2337 6 2391 ζ
39 2306 174 2399 valuit',
212 2305 483 2382 conficiendum
516 2323 588 2402 est,
628 2308 782 2384 eandem
815 2311 1142 2384 commutationem

2 2438 6 2497 Ι
39 2433 80 2506 iu
97 2433 308 2506 nominibus
331 2431 559 2533 appellativis
586 2435 694 2505 etiam
721 2432 827 2506 altius
852 2459 931 2506 esse
956 2457 1140 2532 reponen-

41 2553 126 2628 dam
146 2552 243 2653 (243).
296 2553 386 2627 Non
413 2549 520 2630 valde
539 2555 654 2655 'igitur
684 2579 705 2626 a
731 2579 820 2629 vero
846 2556 1014 2628 aberrare
1038 2551 1140 2630 vide-

40 2707 136 2772 mur,
173 2681 204 2752 si
235 2681 275 2751 in
297 2676 474 2786 Umbrica
505 2702 656 2779 quoque
684 2676 807 2780 lingua
837 2703 919 2751 eam
942 2680 1007 2751 sub
1020 2677 1140 2777 ficem

38 2805 176 2877 saeculi
192 2808 315 2908 quarti
333 2820 413 2905 post
431 2805 582 2876 Romam
608 2803 785 2876 conditam
810 2801 942 2890 factam
968 2826 1045 2875 esse
1070 2826 1139 2903 pu·

38 2945 171 3003 tamus.
226 2924 289 3002 Sic
315 2953 404 3004 vero
435 2931 621 3001 temetirum
652 2930 874 3019 invenimus,
909 2927 1005 3027 irffra
1034 2933 1141 3030 quem

43 3053 208 3130 Unsbrice
228 3055 389 3154 scriptae,
417 3078 526 3153 supro
550 3076 655 3156 quem
676 3053 804 3124 Latius
827 3056 976 3154 comptae
1001 3051 1141 3126 tabulae

2 3277 3 3280 Ἴ
39 3179 166 3279 reponi
187 3193 379 3280 nequeunt.
432 3174 565 3278 Neque
592 3179 690 3250 enim
714 3173 752 3248 id
778 3177 887 3251 nobis
913 3175 1045 3277 aliquis
1071 3175 1137 3248 ob·
1173 3197 1174 3204 ’

39 3305 151 3394 iiciet,
185 3298 280 3376 hanc
304 3328 323 3374 s
347 3298 489 3376 litterae
514 3303 792 3378 conversionem
817 3300 896 3373 aliis
923 3323 1075 3401 quoque
1099 3299 1139 3372 in

91 3589 171 3670 (2⁴2)
196 3587 307 3666 „Idem
319 3583 395 3669 App.
405 3586 553 3664 Claudius,
567 3585 618 3667 qui
629 3583 746 3646 videtur
756 3583 793 3645 ab
806 3583 864 3645 hoc
876 3581 1048 3666 processisse
1060 3607 1077 3642 r
1089 3581 1139 3646 lit-

39 3704 132 3752 teram
152 3689 275 3767 invenit,
293 3701 327 3751 ut
344 3709 400 3771 pro
412 3689 534 3752 Vaiesiis
546 3686 657 3750 Valerii
676 3698 782 3764 esseut,
800 3699 830 3748 et
846 3708 902 3769 pro
920 3685 1014 3774 Fusiis
1029 3681 1139 3748 sust?

41 3793 81 3855 ci.
98 3791 270 3855 Schneid.
287 3797 338 3852 Gr.
356 3792 420 3871 1,1.
438 3813 468 3873 p.
477 3792 540 3852 341.
561 3801 625 3852 not.
648 3787 726 3873 App.
747 3788 886 3854 Claudius
904 3788 1017 3852 Gaeetu
1036 3787 1139 3850 consul

40 3895 97 3956 tuit
108 3915 134 3956 a.
143 3917 172 3956 u.
186 3895 251 3959 stt,
265 3907 296 3956 et
307 3896 372 3957 1158.

93 3997 173 4078 (243)
198 3996 305 4077 Neque
322 4017 395 4060 vcro
414 3993 592 4081 negaverim,
610 3993 658 4057 vel
675 3994 797 4058 Pacuvii
814 4005 948 4075 tempore
967 3991 1140 4054 histrionem

40 4101 159 4163 Fusium
177 4097 318 4182 appellari
334 4098 475 4182 potuisses
494 4117 584 4182 quere
603 4119 730 4160 eruum
746 4117 807 4160 non
820 4094 977 4178 perspicio,
997 4115 1051 4155 err
1062 4090 1139 4176 apud

42 4203 145 4266 Horat.
159 4203 220 4264 Sat.
232 4202 273 4280 11,
285 4215 314 4280 s,
326 4208 373 4264 60.
397 4213 500 4290 contra
521 4199 648 4284 optimos
667 4199 754 4264 codd.
770 4198 901 4262 editores
920 4195 1139 4261 eumdumius

42 4305 141 4369 Fufius
157 4327 213 4387 pro
226 4303 353 4371 Fusius„
