2694 4978
556 363 730 474 13st

22 595 131 654 rent.
145 581 385 679 perminumo.
400 592 568 650 surmont
583 576 703 649 .deitu
719 629 726 648 .
743 580 855 650 etaim
865 631 874 652 .
884 603 951 651 eno
963 631 975 668 .,
984 581 1136 680 priuati-⁸

22 721 93 776 tw·
108 758 117 775 .
133 704 220 776 simo
235 755 245 774 .
259 717 383 774 etuto'.
399 701 644 802 emsont.vri1
661 755 671 773 .
691 727 779 802 pom
795 754 804 774 .
821 704 992 788 bonaso„
1029 702 1137 806 quod*

21 831 80 900 ita
108 825 263 928 explicat
290 823 335 898 ad
360 826 514 901 verbum
528 819 771 899 'translatumz
814 827 913 902 'l'sur
941 852 1030 902 urort
1054 855 1133 906 was

22 955 166 1050 nemon,
195 965 272 1023 tsur
299 977 404 1048 uren,
434 955 480 1022 tie
501 949 568 1022 doc
591 950 640 1022 iet
660 949 756 1047 uass,
804 952 855 1023 In
878 951 981 1050 buizg
1002 969 1130 1028 water.

29 1077 123 1150 Tsie
145 1070 319 1172 moedoet,
347 1074 479 1172 ιη’-ιώ·
500 1072 579 1148 med
598 1075 691 1174 wyd
708 1099 799 1146 voor
819 1073 1045 1174 mend-vus,
1073 1076 1134 1153 vel

23 1215 69 1272 ut
94 1197 233 1311 Belgae
268 1223 336 1272 suo
367 1212 535 1300 tempore
567 1200 901 1300 pronuntiaverint:
931 1201 1020 1308 ¹Ter·
1042 1227 1152 1275 oren·

21 1351 69 1423 sy
97 1327 269 1420 riemanr,
306 1339 360 1398 ter
382 1332 488 1422 oren,
524 1322 583 1396 die
607 1323 676 1396 doe
695 1339 766 1422 yet
794 1322 887 1422 cess.
910 1421 912 1426 Δ
933 1325 983 1398 In
1015 1327 1134 1425 bruge

21 1465 158 1523 water.
190 1447 323 1521 Indicit
342 1447 511 1545 ntesdoet,
536 1446 667 1547 hi'emf,
688 1445 781 1520 ende
797 1463 879 1548 wyt
895 1475 987 1521 voor
1002 1450 1134 1525 weude

20 1588 125 1670 vuyt
149 1569 245 1670 (Hac
268 1569 362 1644 hora
386 1573 434 1644 sit
453 1595 578 1661 nemo,
605 1568 676 1642 hac
694 1569 800 1661 hora,
831 1574 896 1672 qui
917 1571 1022 1646 iaciat
1043 1571 1132 1675 quid

20 1697 180 1768 sinistri.
213 1693 318 1766 Intro
337 1691 431 1766 ferat
450 1718 575 1795 aquas.
611 1690 651 1768 Si
671 1691 766 1766 male
786 1692 888 1786 faxit,
916 1693 1003 1768 hine
1024 1693 1132 1770 deor·

21 1827 125 1910 sum,
151 1815 296 1920 procul,
320 1810 492 1920 forasque
512 1841 590 1892 sese
612 1820 780 1916 avertat).
810 1815 884 1892 Sed
897 1843 1029 1894 vereor
1044 1823 1130 1912 iem,

20 1967 75 2015 ne
102 1940 283 2044 prolixior
302 1941 435 2016 fuerim
449 1943 493 2014 in
512 1939 744 2044 proferendis
765 1940 822 2015 his
842 1945 1001 2045 ineptiis.
1039 1943 1133 2018 Gra-

20 2070 100 2140 tius
123 2091 209 2140 sene
230 2064 394 2158 fecerim,
424 2069 489 2168 qui
509 2063 666 2140 adiicere
686 2069 838 2169 possim,
867 2071 1134 2143 accuratissime

7 2198 154 2266 'tamen
183 2189 331 2295 tabulae
363 2191 571 2294 exemplum
605 2195 826 2294 exscriptum
857 2196 1030 2295 reperiri,
1068 2209 1130 2286 ut,

24 2340 125 2418 qrrae
144 2317 323 2390 variantes
343 2313 522 2390 lectiones
542 2315 604 2393 vel
622 2315 771 2392 levioris
796 2321 975 2403 momenti
1000 2314 1131 2421 depre-

22 2437 254 2532 henduntur,
282 2465 343 2513 eas
370 2437 564 2538 diligenter
589 2437 771 2514 notandas
797 2438 975 2516 duxerim.
1130 2535 1132 2544 Ι

132 2563 323 2637 Thomas
342 2561 653 2664 Dempsterus,
679 2543 748 2662 ¹qui
768 2564 840 2634 iam
861 2589 894 2635 a.
909 2567 1003 2638 1619
1026 2591 1132 2666 prae-

22 2689 294 2762 clarumsuum
313 2683 374 2760 De
390 2685 536 2758 Etruria
554 2679 689 2785 Regali
708 2683 916 2761 absolverat
936 2711 1042 2789 opus,
1064 2713 1133 2762 no·

22 2826 130 2889 verat
162 2807 311 2912 quidem
342 2825 493 2884 nostras
515 2807 671 2900 tabulas,
706 2834 842 2914 easque
870 2828 1134 2886 commemorat

23 2941 65 3008 in
98 2935 168 3008 lib.
184 2935 216 3007 l.
242 2960 368 3026 cxx„
404 2932 469 3007 sed
502 2933 678 3008 Etruscae
715 2931 859 3034 linguae
895 2953 1133 3010 monumenta

24 3061 236 3134 existimans
264 3083 312 3132 ne
344 3056 521 3160 syllabam
547 3053 697 3159 quidem
722 3082 761 3130 se
787 3057 992 3161 intelligere
1017 3060 1132 3163 profi·
1234 3063 1236 3076 '

24 3199 140 3258 tetur.
190 3179 308 3276 Annis
340 3178 489 3261 demum
518 3182 613 3256 1723
641 3197 679 3256 et
707 3180 803 3256 1724
834 3199 922 3285 post
951 3188 1134 3286 integrum

26 3305 228 3396 saeculum,
259 3330 303 3380 ex
328 3331 403 3408 quo
430 3309 606 3408 scriptum
626 3305 709 3398 fuit,
738 3303 926 3408 hocopus
948 3304 1134 3382 edendum

28 3434 169 3508 curavit
194 3428 357 3504 Thomas
384 3427 490 3505 Coke
523 3433 615 3506 sive'
631 3429 767 3504 Comes
800 3427 846 3504 de
876 3429 1064 3530 Leicester
1096 3447 1134 3506 et

27 3553 220 3659 permultis
240 3554 481 3628 Etruscorum
502 3556 749 3629 monumentis
775 3556 1041 3634 accuratissime
1068 3552 1132 3629 de-

27 3680 172 3754 lineatis
203 3677 444 3782 locupletavit
467 3677 711 3780 Philippus
736 3675 975 3788 Bonarota.
1018 3676 1133 3773 Quod

30 3829 147 3905 quum
170 3804 216 3877 ab
240 3802 315 3878 hoc
339 3806 421 3906 ipso
443 3811 615 3904 'tempore
643 3827 752 3876 omne
773 3801 1009 3877 Etruscarum
1033 3803 1133 3878 litte·

28 3953 154 4000 rarum
178 3925 338 4002 studium
363 3953 498 4004 novam
525 3929 627 4028 quasi
646 3929 722 4003 vim
742 3942 853 4029 atque
873 3931 1053 4030 impetum
1072 3951 1131 4000 ce-

29 4053 127 4152 pisse
159 4047 343 4146 videatur,
385 4051 493 4127 huius
524 4053 578 4125 rei
610 4075 688 4124 nou
720 4049 939 4128 levissimam
971 4077 1133 4124 caussam

29 4189 176 4275 praeter
205 4173 292 4250 alias
319 4197 399 4252 eum
425 4201 576 4282 quoque
606 4177 781 4250 exstitisse
814 4153 992 4277 suspicor,
1030 4171 1132 4279 quod

31 4299 126 4376 inter
143 4298 221 4392 illa,
248 4323 345 4404 quae
359 4299 547 4378 Bouarota
565 4299 731 4379 exhibuit
747 4315 998 4395 monumenta,
1023 4305 1132 4380 etiem
1204 4342 1206 4347 ·
1336 4377 1337 4388 r
