2702 4980
41 572 156 658 atque
175 551 428 628 antecedentia
452 552 579 646 latera,
608 579 730 656 neque
757 557 795 628 in
814 549 1072 630 Umbriaarum
1091 572 1144 630 ta·

41 679 215 755 bularum
245 695 386 782 quarta,
422 703 516 780 quae
548 703 592 752 ex
623 695 750 752 nostro
778 676 907 754 ordine
929 668 1061 781 'prima'
1077 695 1142 771 est,
1190 660 1197 678 ,

40 803 195 896 habent,
230 804 363 906 quibus
390 799 653 906 respondeant.
706 801 878 894 Accedit,
915 799 1015 905 quod
1047 803 1144 878 Lan-

42 932 121 1002 zius
144 925 242 1027 (666),
279 929 344 1029 qui
374 919 483 1000 huius
511 925 633 1001 lateris
657 929 776 1028 prima
800 927 926 1019 verba,
960 926 1080 1030 qualia
1107 930 1146 1000 in

42 1045 125 1155 ipsa
154 1050 279 1135 tabula
309 1053 593 1154 conspiciantur,
629 1053 914 1154 repraesentavit
939 1049 1036 1152 (²⁶⁵),
1070 1077 1145 1124 ma-

44 1203 153 1278 gnam
170 1179 356 1278 signorum
372 1171 647 1248 similitudinem
671 1175 880 1251 observasse
906 1176 976 1248 sibi
1000 1172 1147 1250 videtur
1241 1177 1245 1184 '

45 1329 130 1374 curn
146 1300 262 1374 titulis
286 1314 609 1374 monumentorum
625 1295 842 1401 Scipionum
867 1325 945 1372 non
970 1301 1144 1402 antiquis·

45 1427 158 1516 simis,
188 1438 298 1526 atque
317 1421 412 1508 hanc
438 1422 487 1496 ob
514 1447 774 1516 caussamnon
792 1423 885 1496 rdtra
902 1424 1085 1525 septiaaum
1101 1427 1146 1497 ab
1230 1503 1233 1507 ,

49 1552 148 1625 Urbe
166 1547 305 1622 condita
324 1547 506 1620 saeculum
526 1546 591 1620 bos
614 1572 741 1623 versus
766 1551 890 1648 reponi
906 1574 1011 1649 posse
1036 1544 1144 1622 adfir-

43 1689 135 1746 mat.
177 1669 352 1746 Omnium
368 1686 492 1745 tamen
508 1673 775 1744 recentissamam
792 1687 930 1771 partem
951 1699 1029 1744 eam
1051 1645 1142 1770 esse,

43 1824 139 1901 quae
157 1799 293 1870 Latmia
310 1797 430 1868 littera's
455 1799 493 1868 in
520 1795 659 1868 tabulae
682 1795 784 1896 aptat
802 1797 1049 1895 Dempsterum
1076 1812 1145 1867 ter·-

45 1927 117 1995 tr'ae
143 1925 277 2021 postica
300 1919 502 2016 exhibetur,
517 1946 519 1954 ¹
537 1934 688 2022 apparet
719 1921 797 1992 non
822 1933 964 1993 tentum
989 1945 1033 1992 ex
1059 1922 1143 1992 scri-

1 2095 3 2102 ι
43 2051 175 2149 pturae
191 2047 329 2118 maiore
352 2042 529 2144 elegantia
547 2041 645 2141 (²⁶⁶),
674 2041 738 2116 sed
765 2045 873 2122 etiam
899 2069 943 2116 ex
961 2045 1064 2144 signo
1083 2041 1146 2116 lite

3 2138 10 2257 i
44 2185 143 2244 terae
161 2196 199 2272 q,
229 2165 331 2270 quod
347 2168 485 2269 ubique
510 2168 681 2240 scribitur
702 2157 778 2260 ’οη
809 2171 967 2269 exceptis
989 2167 1045 2240 his
1062 2192 1143 2242 ver-

1 2279 10 2378 t
46 2295 158 2384 sibus,
191 2294 231 2364 in
257 2289 389 2392 quibus
414 2295 609 2366 recentior·
622 2290 741 2365 forma
769 2296 798 2384 Q
826 2290 1031 2366 exhibetur.
1083 2287 1144 2380 Ad

6 2417 8 2469 i
45 2434 189 2520 tempus
206 2418 327 2517 igitur,
352 2441 428 2516 quo
446 2419 600 2516 scriptae
618 2412 823 2507 videantur,
849 2418 900 2486 ita
917 2397 1145 2516 disponimus

45 2540 175 2616 Latine
193 2527 342 2642 scriptas
358 2536 514 2628 tabulas,
542 2552 585 2610 ut
601 2541 868 2637 praemittamus
891 2555 1018 2641 secatae
1045 2541 1144 2612 tabu-

44 2668 100 2738 lae
117 2669 303 2766 posticam,
326 2665 551 2736 sabzi'cr'amus
565 2665 733 2760 antaeum,
761 2662 889 2750 deinde
906 2666 1072 2760 septimae
1084 2689 1145 2734 arr·

46 2793 165 2888 mam,
201 2802 275 2862 tum
303 2789 487 2888 posticam,
519 2803 699 2887 postremo
726 2786 800 2858 loco
832 2789 953 2860 tertiae
987 2785 1141 2881 tabulae,

46 2939 141 3016 quae
173 2909 219 2986 ad
251 2927 417 3002 nostrum
443 2907 611 2984 ordinem
639 2913 765 3012 quinta
791 2925 858 3002 est,
887 2912 1070 3010 posta'eam,
1105 2911 1144 2981 in

45 3065 118 3140 qua
146 3063 261 3138 quum
277 3033 445 3122 Umbrici
464 3031 660 3135 Latinique
686 3059 809 3109 versus
834 3060 912 3108 non
936 3035 1032 3108 bene
1057 3059 1143 3137 pos·
1248 3097 1253 3107 ,
1348 3063 1349 3070 ¹

44 3166 115 3236 sint
134 3158 267 3251 dirimi,
296 3175 505 3261 temporum
521 3161 702 3232 rationem
719 3162 758 3231 in
778 3147 825 3232 'ea
850 3185 890 3232 re
915 3151 1143 3262 praetermit-

43 3303 177 3375 tentes,
205 3300 292 3388 post
307 3287 409 3387 ipsos
425 3282 701 3358 illos‘Umbrice
721 3287 875 3385 scriptos
900 3309 1024 3384 versus
1049 3280 1144 3354 banc

44 3413 328 3487 recentissimam
339 3407 548 3484 tabularum
559 3424 702 3512 partem
717 3418 846 3509 postea
863 3389 1143 3500 numerabimus.

92 3661 176 3744 (266)
201 3665 309 3732 Sagara
321 3659 358 3720 T
366 3657 391 3720 L
404 3681 434 3740 p
424 3671 505 3728 .159.

92 3765 175 3847 (265)
202 3763 270 3824 Τ.,Ι
283 3759 386 3822 tab..11
399 3777 481 3822 mlx.

92 3865 305 3950 (266)11Lanz.
319 3863 510 3937 SaggtoT..1
523 3872 629 3945 ῃ,2851
649 3864 695 3921 La
710 3868 763 3938 pide
780 3869 834 3922 ben
851 3869 964 3923 scritta
972 3869 1029 3922 ela
1041 3883 1097 3922 111
1116 3869 1146 3922 .ςί

45 3979 89 4029 ne’
107 3973 268 4032 choraeam
283 3974 416 4037 errascm
438 3973 529 4027 sine
534 3971 667 4042 poebr
681 3972 808 4033 latam
827 3972 1092 4036 chesieguonm
1111 3971 1143 4023 Ia

46 4079 199 4152 misorum
210 4077 226 4130 ὲ
238 4079 370 4138 rotanda,
383 4076 513 4137 dumata,
521 4092 542 4144 *e
551 4074 760 4144 paraganobile
771 4076 801 4127 α’
813 4073 940 4140 migla'ori
948 4076 999 4127 che
1011 4073 1141 4126 abbrbmo

46 4185 120 4237 della
131 4183 270 4258 Romano
281 4179 432 4248 reputtaa.
450 4171 603 4235 etmlt.
616 4192 646 4254 p.
654 4177 717 4236 687.
826 4219 844 4225 e
959 4181 961 4188 ‘

858 4282 940 4415 tao
