2702 4980
705 341 761 428 90

185 541 374 612 inventore
406 533 543 636 Spurio
573 533 753 626 Carvilio,
796 537 835 610 in
870 536 1005 636 quibus
1037 529 1281 610 Schneidcrua

184 662 323 749 nititur,
352 662 459 737 nimis
485 660 652 761 ambigua
671 655 769 752 suna
799 685 908 761 quam
933 674 975 732 ut
1000 661 1084 732 satis
1106 673 1211 734 certo
1232 657 1282 730 af-

183 782 329 862 firmare
357 787 557 886 possimus,
593 786 675 886 quia
705 782 769 858 ille
801 783 912 860 fuerit
942 782 1136 876 Carvilius,
1173 807 1287 884 quem

185 908 273 987 Ter.
296 907 452 987 Scaurus
477 909 680 1010 (pacta.)
707 907 773 1010 sp.
797 907 1005 986 carentium
1031 905 1218 1010 appellat,
1254 920 1290 978 et

185 1061 260 1137 quo
280 1050 448 1136 tempore
469 1035 611 1114 vixerit.
647 1029 760 1125 Quod
782 1059 871 1108 vero
891 1037 930 1109 in
950 1032 1132 1110 Columna
1149 1029 1287 1121 Duilii,

50 1251 55 1258 x
184 1163 250 1262 qui
275 1185 308 1232 a.
326 1157 465 1236 U.1193
488 1159 679 1234 victoriam
704 1155 925 1233 celebratam
945 1160 1159 1260 reportavit,
1183 1155 1288 1253 glit-

137 1365 146 1390 Ι
182 1301 260 1362 tora
291 1309 369 1360 uon
399 1283 598 1383 reperitur,
639 1284 791 1360 omniuo
822 1306 899 1356 non
932 1297 1005 1370 est,
1047 1279 1148 1383 quod
1174 1278 1290 1358 raldc

182 1411 369 1483 miremur.
397 1405 489 1480 Eam
512 1407 622 1498 euim,
646 1408 747 1480 cuiue
768 1404 1009 1506 fragmentum
1029 1407 1138 1482 nobis
1157 1420 1286 1495 restat,

183 1531 392 1609 columnam
413 1533 569 1633 primam
591 1555 669 1608 nou
690 1529 813 1622 luisse,
842 1527 905 1606 sed
927 1528 1074 1606 Claudii
1092 1528 1170 1604 fere
1190 1545 1290 1605 tem·

182 1655 336 1760 poribus
356 1658 394 1728 in
413 1653 537 1732 locum
556 1657 730 1757 pristinae
743 1658 958 1748 restitutam,
975 1655 1193 1731 Ciacconius
1205 1651 1301 1753 (ml

182 1807 259 1858 non
293 1783 371 1856 aine
404 1782 483 1855 iure
517 1777 740 1858 contendere
773 1777 930 1856 videtur.
986 1777 1098 1872 Quod
1133 1775 1290 1880 quidem
1336 1817 1337 1824 ι

182 1906 425 2006 fragmentum
457 1919 515 1982 tot
546 1902 616 1984 alia
647 1901 776 1994 habet,
814 1929 908 2003 quae
935 1901 1121 1993 offendas,
1156 1905 1292 1978 utrix

181 2031 250 2108 tibi
274 2025 505 2129 persuadeas,
540 2024 735 2130 siqnidem,
765 2031 829 2129 qui
854 2023 1031 2116 referunt,
1058 2041 1158 2100 reete
1182 2024 1292 2124 lege-
1336 2060 1338 2071 ν

181 2169 280 2245 runt,
309 2150 404 2224 hanc
430 2151 580 2228 alteram
606 2151 815 2224 columnam
839 2153 979 2252 primae
1005 2149 1113 2226 fuisse
1136 2174 1290 2224 accura-

180 2294 261 2355 tum
294 2273 516 2376 exemplum.
563 2273 767 2373 Eugubiuis
797 2276 836 2348 in
868 2274 1001 2348 tabulis
1032 2272 1292 2375 compluribus

181 2407 221 2482 in
244 2401 397 2478 vocibus
416 2426 436 2473 c
457 2414 493 2470 et
510 2423 538 2494 g
554 2396 697 2476 litterae
719 2377 900 2470 alternant
913 2395 1006 2498 (²⁵⁰),
1029 2395 1181 2499 quodsi
1202 2399 1289 2498 quis

182 2523 358 2602 indicium
392 2519 507 2596 credit
539 2545 625 2594 usus
658 2521 778 2596 minus
808 2517 928 2596 adhuc
959 2523 1172 2614 constantis,
1206 2547 1286 2597 uon

182 2650 300 2726 multo
333 2663 421 2751 post
443 2646 591 2721 Barbati
622 2660 779 2724 mortem
809 2641 983 2747 ponenda
1007 2643 1153 2721 videtur
1175 2647 1285 2720 tabu·
1339 2635 1340 2680 l

181 2775 300 2848 larum
333 2773 498 2872 scriptio.
545 2767 808 2870 Diphthongua
845 2774 900 2862 αι’,
947 2797 1058 2872 quam
1096 2785 1288 2846 servarunt

183 2897 399 3000 Scipionum
425 2909 661 2970 monumenta
687 2895 948 2995 antiquissima,
978 2899 1017 2968 in
1043 2894 1214 2998 sepulcro
1233 2894 1282 2968 L.

183 3019 357 3100 Cornelii
372 3017 443 3094 Cn.
460 3017 487 3094 f.
506 3016 577 3092 Cn.
593 3046 631 3094 n.
649 3016 832 3121 Scipionis
855 3017 969 3094 semel
990 3023 1062 3094 iam
1082 3023 1120 3094 in
1138 3049 1182 3093 aa
1202 3047 1285 3094 mu-

181 3162 256 3226 tata
288 3139 576 3253 deprehenditur
604 3145 760 3220 invoca
790 3159 920 3236 aetate,
953 3143 1041 3220 licet
1071 3133 1200 3224 eadem
1226 3148 1284 3218 in-

182 3356 251 3416 loco
270 3373 380 3418 nomen
395 3349 515 3412 Carvilii
529 3349 628 3432 Spurii
645 3349 685 3412 ita
702 3349 812 3411 nudum
831 3363 966 3435 ponatur,
987 3362 1017 3410 et
1028 3349 1127 3434 paullo
1140 3349 1217 3411 infra
1231 3351 1286 3411 de-
1339 3337 1340 3396 ἶ

181 3479 261 3517 mum
279 3457 395 3536 ¹(pm.
409 3453 461 3533 E.)
480 3453 650 3532 accuratius,
671 3452 721 3534 qui
739 3452 792 3530 sit,
812 3451 1004 3514 describatur:
1029 3443 1089 3527 αἰδὲ
1102 3442 1224 3539 ἤρξαντο
1240 3477 1286 3524 μι-
1339 3511 1340 3534 p

127 3635 130 3648 '
183 3555 265 3616 0806
285 3547 438 3615 &balanna
452 3545 500 3614 nal
524 3559 632 3636 πρῶτος
656 3547 764 3638 ἀνέῳξε
790 3547 1285 3641 γραμματοδιδασκαλεῖον..Σπόριος
1339 3551 1340 3610 l

182 3648 341 3741 Καρβίλιος
352 3647 547 3740 ἀπελεύθερος
557 3650 715 3742 Καρβιλίου
726 3659 778 3720 τοῦ
786 3647 896 3742 πρώτου
910 3659 948 3736 (a.
956 3659 1022 3738 p.U.
1032 3653 1146 3732 nott.)
1158 3652 1283 3735 γαμετὴν
1339 3721 1340 3746 1

182 3746 368 3828 ἐκβαλόντος,
388 3776 424 3818 ex
443 3756 500 3820 hoc
519 3755 589 3822 loco
608 3759 639 3820 in
658 3757 781 3824 alterum
798 3759 948 3841 irrepsisse
960 3758 1032 3822 mihi
1045 3755 1162 3822 videtur
1174 3777 1283 3822 nomen
1339 3759 1340 3854 ζ

183 3859 284 3942 Spurii
298 3856 432 3934 Carviliia
451 3856 639 3928 decertata
650 3872 758 3943 autem,
775 3860 800 3924 si
816 3861 990 3930 borretum
1004 3857 1192 3939 lateranen,
1210 3859 1283 3922 nihil
1339 3931 1340 3946 χ

182 3963 299 4026 scimus.
1339 3961 1340 3966 ’

220 4066 313 4145 ,(249)
339 4072 377 4124 In
399 4073 555 4124 Columnae
576 4069 674 4124 Rostr.
696 4065 845 4127 Insania
871 4069 973 4128 Grato.
999 4067 1098 4142 Antip.
1118 4071 1156 4129 11.
1180 4065 1216 4128 P.
1230 4065 1281 4128 lv.
1339 4131 1340 4140 ἵ

182 4180 304 4249 passa.

235 4269 315 4347 (250)
344 4273 480 4330 Grabovr'e
493 4281 522 4333 et
537 4276 677 4342 erasae,
695 4279 817 4342 romeos
829 4280 860 4336 el
871 4293 997 4339 ennacos,
1014 4279 1110 4342 anan
1118 4281 1149 4334 et
1160 4279 1256 4332 ιιιιοΙο.
