2702 4980
726 344 782 435 68

101 623 106 636 ,
206 545 251 642 Ζ)
278 557 315 634 et
339 569 404 614 san
431 539 507 640 (ὃ),
539 565 698 642 quorum
722 557 950 644 postremum
975 539 1130 635 ἐπίσημον
1158 541 1300 644 quidem

206 690 386 768 equorum
405 655 643 738 retinebatur.
690 665 757 739 Est
781 681 902 740 autem
927 692 986 740 res
1012 683 1114 759 nota,
1146 664 1300 741 Graecos

205 793 243 863 in
262 792 391 863 ceteris
411 789 581 862 omnibus
602 788 679 861 sere
701 787 858 864 eundem
878 805 1039 866 servasse'
1057 789 1229 864 ordinem
1248 790 1300 865 lit-

204 930 377 1005 terarum,
399 915 464 1014 qui
480 912 550 986 fuit
566 909 663 1014 apud
681 911 886 988 Phoenices
906 930 944 988 et
960 915 1163 989 Hebraeos.
1201 912 1301 1008 Quos

205 1041 302 1112 enim
321 1041 361 1111 in
378 1035 561 1118 vocalium
582 1035 805 1110 Graecarum
825 1037 916 1112 locis
942 1042 1060 1115 varios
1085 1041 1237 1142 spiritus
1255 1043 1301 1114 vi·
1333 1039 1334 1088 t

205 1160 333 1236 demus
363 1164 402 1233 in
433 1158 631 1262 alphabeto
663 1160 935 1251 Hebraeorum,
972 1160 1018 1236 de
1050 1165 1094 1240 iis
1124 1161 1301 1265 perlegas,

164 1311 299 1389 gquae
329 1283 515 1386 praeclare
542 1279 711 1359 disseruit
735 1282 939 1386 Koppius
957 1285 1050 1386 (¹⁹⁷).
1095 1285 1168 1359 Hla
1192 1291 1301 1378 enim,

203 1426 245 1482 ut
263 1404 361 1510 apud
380 1423 521 1480 ceteros
538 1403 713 1510 populos,
742 1433 763 1479 a
789 1410 972 1510 principio
998 1409 1182 1484 vocalium
1207 1414 1304 1512 signa
1334 1411 1335 1416 ’

205 1532 337 1622 fuisse,
371 1530 453 1604 luce
487 1530 619 1603 clarius
657 1527 931 1608 demonstravit.
990 1530 1146 1608 Litteras
1186 1552 1304 1609 autem

205 1655 432 1730 Graecorum
461 1656 557 1757 ipsas
582 1654 767 1730 Hebraico
801 1652 931 1731 ordine
958 1660 1179 1761 compositas
1206 1659 1304 1734 exhi-

205 1780 326 1855 buisse
351 1780 502 1855 iuvabit.
995 1797 999 1802 “
1125 1787 1128 1796 “

523 1889 620 1971 (Vide
637 1904 808 1973 sequentem
823 1892 982 1977 paginam.)

305 2026 431 2102 Unum
460 2024 521 2100 hic
550 2023 797 2102 desideramus
829 2031 983 2130 signum,
1020 2025 1121 2128 quod
1149 2053 1307 2129 respon·

205 2151 289 2227 deat
316 2150 458 2225 litterae
485 2148 600 2242 dsain,
634 2167 745 2252 atque
770 2169 958 2254 praeterea
983 2153 1218 2253 transpositio
1243 2151 1309 2225 lit-

204 2294 364 2352 terarum
390 2279 424 2348 Μ
453 2290 490 2348 et
514 2278 548 2348 Τ.
579 2271 752 2356 notanda.
807 2274 985 2348 Litteram
1019 2279 1062 2352 -Ι-
1091 2277 1166 2374 (Ξ),
1203 2278 1308 2383 cuius

205 2405 346 2504 signum
366 2414 517 2502 postero
535 2414 702 2501 tempore
728 2423 772 2471 ex
798 2401 830 2472 Ψ
856 2399 936 2499 (χῖ)
962 2401 1064 2500 signo
1091 2398 1229 2472 sactum
1255 2403 1306 2476 vi-

206 2524 338 2618 dimus,
361 2527 439 2598 iure
459 2522 520 2598 hic
540 2526 753 2616 omittimus,
777 2548 901 2625 neque
921 2525 1113 2624 quisquam
1133 2522 1203 2594 sibi
1221 2549 1305 2625 per-

205 2650 384 2740 suadebit,
413 2648 474 2725 vel
492 2675 625 2721 sonum
645 2651 712 2724 ΨΣ
732 2647 792 2723 vel
810 2651 952 2748 signum
974 2648 1033 2736 ·l·,
1061 2635 1131 2722 vel'
1146 2643 1306 2748 denique

205 2801 341 2849 nomen
358 2773 399 2871 ξῒ
412 2768 550 2870 aliquid
569 2769 706 2841 habere
727 2795 921 2843 commune
940 2759 1022 2842 cum
1048 2766 1151 2842 dsain
1168 2769 1303 2844 littera.
1338 2775 1339 2796 ¹

199 2892 375 2968 'Adluisse
398 2908 522 2970 tamen
547 2887 745 2992 aliquando
772 2894 812 2964 in
831 2891 975 2966 Graeco
991 2909 1161 2994 'quoque
1177 2873 1305 2997 ¹alpha·

205 3019 294 3092 beto
315 3019 411 3088 inter
428 3017 455 3088 F
474 3030 511 3088 et
532 3017 563 3089 Η
592 3014 799 3089 sibilantem
824 3015 996 3109 litteram,
1026 3013 1112 3092 inde
1139 3035 1304 3122 apparet,

207 3137 309 3245 quod
340 3137 641 3240 locum'quidem
667 3155 858 3215 servarunt
882 3157 993 3243 atque
1019 3141 1126 3215 aliam
1157 3141 1306 3215 sibilan-

205 3283 282 3342 tem
311 3267 471 3355 inserere
502 3265 545 3337 iis
577 3267 820 3338 necessarium
851 3267 968 3339 visum
1000 3280 1066 3336 est.
1120 3264 1170 3334 Et
1204 3263 1309 3364 quod

206 3395 327 3494 ipsum
355 3386 483 3463 thsade
515 3391 621 3488 (zeta)
650 3387 723 3462 huc
754 3383 1069 3490 transponendum
1102 3385 1303 3488 elegerunt,

172 3593 173 3596 ,
207 3519 359 3589 innuere
377 3511 534 3604 videtur,
564 3510 666 3585 dsain
684 3514 734 3586 ob
752 3515 858 3586 nimis
881 3509 937 3584 illi
956 3503 1118 3583 'similem
1141 3536 1305 3613 pronun-

206 3641 396 3740 tiationem
414 3634 511 3738 apud
532 3635 695 3710 Graecos
714 3635 914 3712 abolevisse
938 3632 999 3710 vel
1018 3659 1039 3707 a
1058 3631 1306 3708 Phoenicibus

209 3788 287 3838 non
310 3773 497 3860 receptam
523 3737 631 3832 esse.v
659 3757 735 3832 San
761 3785 911 3862 quoque
934 3759 1093 3834 litteram
1118 3786 1305 3862 nunquam

209 3883 307 3991 apud
322 3881 498 3994 sGraecos
524 3885 563 3956 in
587 3885 887 3984 pronuntiatione
912 3886 1101 3983 asigmate
1128 3879 1303 3960 diversam

209 4012 318 4086 fuisse
335 4024 443 4113 put0,
473 4009 635 4109 quamvis
655 4009 797 4108 signum
815 4004 1054 4080 Phoenicium
1071 4001 1228 4098 ἐπίσημον
1249 4031 1301 4082 re·

210 4177 411 4190 ——————

256 4209 258 4218 r

260 4265 340 4344 (¹⁹⁷)
366 4269 695 4342 Borerunesctnycen
707 4267 885 4324 aesomnes
899 4261 1174 4348 T.11.p.no.sqq.
1190 4277 1250 4329 ras.
