<?xml version="1.0" encoding="UTF-8"?>
<!DOCTYPE html PUBLIC "-//W3C//DTD XHTML 1.0 Transitional//EN"
    "http://www.w3.org/TR/xhtml1/DTD/xhtml1-transitional.dtd">
<html xmlns="http://www.w3.org/1999/xhtml" xml:lang="en" lang="en">
 <head>
  <title>
</title>
<meta http-equiv="Content-Type" content="text/html;charset=utf-8" />
  <meta name='ocr-system' content='tesseract 3.04.00' />
  <meta name='ocr-capabilities' content='ocr_page ocr_carea ocr_par ocr_line ocrx_word'/>
</head>
<body>
  <div class='ocr_page' id='page_1' title='image "./detabuliseugubi00lepsgoog_0100.png"; bbox 0 0 2702 4980; ppageno 0'>
   <div class='ocr_carea' id='block_1_1' title="bbox 1335 439 1337 496">
    <p class='ocr_par' dir='ltr' id='par_1_1' title="bbox 1335 393 1337 496">
     <span class='ocr_line' id='line_1_1' title="bbox 1335 439 1337 496; baseline 0 0"><span class='ocrx_word' id='word_1_1' title='bbox 1335 439 1337 496; x_wconf 65' lang='lat' dir='ltr'><strong>i</strong></span> 
     </span>
    </p>
   </div>
   <div class='ocr_carea' id='block_1_2' title="bbox 227 609 1337 726">
    <p class='ocr_par' dir='ltr' id='par_1_2' title="bbox 227 595 1337 726">
     <span class='ocr_line' id='line_1_2' title="bbox 227 609 1337 726; baseline 0.009 -9"><span class='ocrx_word' id='word_1_2' title='bbox 227 617 311 718; x_wconf 80' lang='lat' dir='ltr'><strong>oa</strong></span> <span class='ocrx_word' id='word_1_3' title='bbox 350 609 796 726; x_wconf 78' lang='lat' dir='ltr'><strong>ursrosurouu</strong></span> <span class='ocrx_word' id='word_1_4' title='bbox 835 609 1253 726; x_wconf 77' lang='lat' dir='ltr'><strong>ranotaauu.</strong></span> <span class='ocrx_word' id='word_1_5' title='bbox 1333 701 1337 726; x_wconf 39' lang='grc'><strong><em>;</em></strong></span> 
     </span>
    </p>
   </div>
   <div class='ocr_carea' id='block_1_3' title="bbox 99 999 1342 4136">
    <p class='ocr_par' dir='ltr' id='par_1_3' title="bbox 99 999 1342 2992">
     <span class='ocr_line' id='line_1_3' title="bbox 191 999 1338 1157; baseline 0.003 -31"><span class='ocrx_word' id='word_1_6' title='bbox 191 999 306 1128; x_wconf 80' lang='lat' dir='ltr'><strong>Casu</strong></span> <span class='ocrx_word' id='word_1_7' title='bbox 331 1049 492 1156; x_wconf 88' lang='lat' dir='ltr'><strong>quodam</strong></span> <span class='ocrx_word' id='word_1_8' title='bbox 523 1051 659 1126; x_wconf 78' lang='lat' dir='ltr'><strong>factum</strong></span> <span class='ocrx_word' id='word_1_9' title='bbox 692 1069 759 1145; x_wconf 84' lang='lat' dir='ltr'><strong>est,</strong></span> <span class='ocrx_word' id='word_1_10' title='bbox 794 1069 850 1144; x_wconf 83' lang='lat' dir='ltr'><strong>ut,</strong></span> <span class='ocrx_word' id='word_1_11' title='bbox 887 1056 951 1156; x_wconf 75' lang='lat' dir='ltr'><strong>qui</strong></span> <span class='ocrx_word' id='word_1_12' title='bbox 981 1055 1119 1157; x_wconf 83' lang='lat' dir='ltr'><strong>primus</strong></span> <span class='ocrx_word' id='word_1_13' title='bbox 1149 1055 1296 1129; x_wconf 83' lang='lat' dir='ltr'><strong>tabulas</strong></span> <span class='ocrx_word' id='word_1_14' title='bbox 1336 1061 1338 1080; x_wconf 70' lang='lat'><em>⁴</em></span> 
     </span>
     <span class='ocr_line' id='line_1_4' title="bbox 190 1173 1297 1282; baseline 0 -28"><span class='ocrx_word' id='word_1_15' title='bbox 190 1183 374 1256; x_wconf 83' lang='lat' dir='ltr'><strong>universas</strong></span> <span class='ocrx_word' id='word_1_16' title='bbox 392 1173 567 1264; x_wconf 82' lang='lat' dir='ltr'><strong>exhibuit,</strong></span> <span class='ocrx_word' id='word_1_17' title='bbox 582 1174 654 1250; x_wconf 92' lang='lat' dir='ltr'><strong>Ph.</strong></span> <span class='ocrx_word' id='word_1_18' title='bbox 667 1175 889 1250; x_wconf 89' lang='lat' dir='ltr'><strong>Bonarota</strong></span> <span class='ocrx_word' id='word_1_19' title='bbox 906 1175 945 1251; x_wconf 92' lang='lat' dir='ltr'><strong>in</strong></span> <span class='ocrx_word' id='word_1_20' title='bbox 958 1177 1171 1282; x_wconf 88' lang='lat' dir='ltr'><strong>Dempsteri</strong></span> <span class='ocrx_word' id='word_1_21' title='bbox 1189 1177 1297 1254; x_wconf 85' lang='lat' dir='ltr'><strong>Etru·</strong></span> 
     </span>
     <span class='ocr_line' id='line_1_5' title="bbox 188 1300 1339 1405; baseline -0.002 -27"><span class='ocrx_word' id='word_1_22' title='bbox 188 1309 242 1378; x_wconf 80' lang='lat' dir='ltr'><strong>ria</strong></span> <span class='ocrx_word' id='word_1_23' title='bbox 267 1301 408 1403; x_wconf 84' lang='lat' dir='ltr'><strong>Regali,</strong></span> <span class='ocrx_word' id='word_1_24' title='bbox 444 1305 609 1374; x_wconf 90' lang='lat' dir='ltr'><strong>omnium</strong></span> <span class='ocrx_word' id='word_1_25' title='bbox 639 1300 716 1374; x_wconf 87' lang='lat' dir='ltr'><strong>fere</strong></span> <span class='ocrx_word' id='word_1_26' title='bbox 740 1304 899 1403; x_wconf 76' lang='lat' dir='ltr'>posticas</span> <span class='ocrx_word' id='word_1_27' title='bbox 923 1308 1192 1405; x_wconf 79' lang='lat' dir='ltr'><strong>praeposuerit,</strong></span> <span class='ocrx_word' id='word_1_28' title='bbox 1223 1329 1293 1378; x_wconf 86' lang='lat' dir='ltr'><strong>an·</strong></span> <span class='ocrx_word' id='word_1_29' title='bbox 1338 1311 1339 1356; x_wconf 49' lang='grc' dir='ltr'>ἕ</span> 
     </span>
     <span class='ocr_line' id='line_1_6' title="bbox 188 1420 1295 1529; baseline 0 -27"><span class='ocrx_word' id='word_1_30' title='bbox 188 1423 276 1502; x_wconf 79' lang='lat' dir='ltr'><strong>ticos</strong></span> <span class='ocrx_word' id='word_1_31' title='bbox 294 1427 557 1529; x_wconf 79' lang='lat' dir='ltr'><strong>postposuerit.</strong></span> <span class='ocrx_word' id='word_1_32' title='bbox 603 1420 664 1498; x_wconf 84' lang='lat' dir='ltr'><strong>De</strong></span> <span class='ocrx_word' id='word_1_33' title='bbox 683 1441 806 1502; x_wconf 82' lang='lat' dir='ltr'><strong>cetero</strong></span> <span class='ocrx_word' id='word_1_34' title='bbox 825 1423 870 1498; x_wconf 85' lang='lat' dir='ltr'><strong>ad</strong></span> <span class='ocrx_word' id='word_1_35' title='bbox 890 1445 995 1500; x_wconf 84' lang='lat' dir='ltr'><strong>suum</strong></span> <span class='ocrx_word' id='word_1_36' title='bbox 1022 1428 1213 1518; x_wconf 84' lang='lat' dir='ltr'><strong>arbitrium</strong></span> <span class='ocrx_word' id='word_1_37' title='bbox 1234 1445 1295 1502; x_wconf 56' lang='lat' dir='ltr'><strong>ta⁴</strong></span> 
     </span>
     <span class='ocr_line' id='line_1_7' title="bbox 187 1547 1339 1661; baseline 0.002 -35"><span class='ocrx_word' id='word_1_38' title='bbox 187 1551 293 1626; x_wconf 85' lang='lat' dir='ltr'><strong>bulas</strong></span> <span class='ocrx_word' id='word_1_39' title='bbox 321 1553 371 1661; x_wconf 72' lang='lat' dir='ltr'><strong>ita</strong></span> <span class='ocrx_word' id='word_1_40' title='bbox 404 1547 597 1652; x_wconf 81' lang='lat' dir='ltr'><strong>disposuit,</strong></span> <span class='ocrx_word' id='word_1_41' title='bbox 631 1563 673 1622; x_wconf 86' lang='lat' dir='ltr'><strong>ut</strong></span> <span class='ocrx_word' id='word_1_42' title='bbox 703 1554 952 1652; x_wconf 76' lang='lat' dir='ltr'><strong>praemitteret</strong></span> <span class='ocrx_word' id='word_1_43' title='bbox 979 1551 1151 1627; x_wconf 82' lang='lat' dir='ltr'><strong>Etmstas</strong></span> <span class='ocrx_word' id='word_1_44' title='bbox 1181 1570 1296 1656; x_wconf 74' lang='lat' dir='ltr'><strong>atque</strong></span> <span class='ocrx_word' id='word_1_45' title='bbox 1338 1597 1339 1600; x_wconf 18' lang='grc' dir='ltr'>π</span> 
     </span>
     <span class='ocr_line' id='line_1_8' title="bbox 189 1665 1340 1772; baseline 0.003 -22"><span class='ocrx_word' id='word_1_46' title='bbox 189 1679 286 1762; x_wconf 80' lang='lat' dir='ltr'><strong>inter</strong></span> <span class='ocrx_word' id='word_1_47' title='bbox 312 1675 483 1748; x_wconf 73' lang='lat' dir='ltr'><strong>Etruscas</strong></span> <span class='ocrx_word' id='word_1_48' title='bbox 514 1677 659 1748; x_wconf 85' lang='lat' dir='ltr'><strong>initium</strong></span> <span class='ocrx_word' id='word_1_49' title='bbox 688 1665 824 1748; x_wconf 82' lang='lat' dir='ltr'><strong>iaceret</strong></span> <span class='ocrx_word' id='word_1_50' title='bbox 852 1693 872 1748; x_wconf 76' lang='lat' dir='ltr'><strong>a</strong></span> <span class='ocrx_word' id='word_1_51' title='bbox 897 1677 1102 1750; x_wconf 85' lang='lat' dir='ltr'><strong>minoribus</strong></span> <span class='ocrx_word' id='word_1_52' title='bbox 1134 1675 1296 1772; x_wconf 88' lang='lat' dir='ltr'><strong>duabus,</strong></span> <span class='ocrx_word' id='word_1_53' title='bbox 1335 1681 1340 1723; x_wconf 69' lang='lat'>³</span> 
     </span>
     <span class='ocr_line' id='line_1_9' title="bbox 190 1793 1302 1904; baseline 0.004 -30"><span class='ocrx_word' id='word_1_54' title='bbox 190 1822 286 1904; x_wconf 84' lang='lat' dir='ltr'><strong>quae</strong></span> <span class='ocrx_word' id='word_1_55' title='bbox 310 1817 384 1874; x_wconf 88' lang='lat' dir='ltr'><strong>una</strong></span> <span class='ocrx_word' id='word_1_56' title='bbox 409 1813 550 1872; x_wconf 83' lang='lat' dir='ltr'><strong>tantum</strong></span> <span class='ocrx_word' id='word_1_57' title='bbox 575 1814 680 1901; x_wconf 84' lang='lat' dir='ltr'><strong>parte</strong></span> <span class='ocrx_word' id='word_1_58' title='bbox 705 1802 901 1901; x_wconf 74' lang='lat' dir='ltr'><strong>inscriptae</strong></span> <span class='ocrx_word' id='word_1_59' title='bbox 926 1793 1023 1892; x_wconf 85' lang='lat' dir='ltr'><strong>sunt,</strong></span> <span class='ocrx_word' id='word_1_60' title='bbox 1057 1803 1302 1904; x_wconf 77' lang='lat' dir='ltr'><strong>subiungeret</strong></span> 
     </span>
     <span class='ocr_line' id='line_1_10' title="bbox 192 1922 1304 2026; baseline 0.004 -28"><span class='ocrx_word' id='word_1_61' title='bbox 192 1925 307 2016; x_wconf 87' lang='lat' dir='ltr'><strong>illam,</strong></span> <span class='ocrx_word' id='word_1_62' title='bbox 344 1945 437 2026; x_wconf 84' lang='lat' dir='ltr'><strong>quae</strong></span> <span class='ocrx_word' id='word_1_63' title='bbox 463 1926 503 1996; x_wconf 89' lang='lat' dir='ltr'><strong>in</strong></span> <span class='ocrx_word' id='word_1_64' title='bbox 527 1926 667 2025; x_wconf 84' lang='lat' dir='ltr'><strong>postica</strong></span> <span class='ocrx_word' id='word_1_65' title='bbox 694 1926 802 1996; x_wconf 85' lang='lat' dir='ltr'><strong>etiam</strong></span> <span class='ocrx_word' id='word_1_66' title='bbox 825 1922 978 1996; x_wconf 83' lang='lat' dir='ltr'><strong>Latinos</strong></span> <span class='ocrx_word' id='word_1_67' title='bbox 1002 1947 1141 2024; x_wconf 85' lang='lat' dir='ltr'><strong>paucos</strong></span> <span class='ocrx_word' id='word_1_68' title='bbox 1165 1943 1304 2003; x_wconf 76' lang='lat' dir='ltr'><strong>versus</strong></span> 
     </span>
     <span class='ocr_line' id='line_1_11' title="bbox 189 2033 1341 2152; baseline 0.002 -30"><span class='ocrx_word' id='word_1_69' title='bbox 189 2047 351 2138; x_wconf 81' lang='lat' dir='ltr'><strong>exhibet,</strong></span> <span class='ocrx_word' id='word_1_70' title='bbox 387 2043 636 2150; x_wconf 84' lang='lat' dir='ltr'><strong>magnitudine</strong></span> <span class='ocrx_word' id='word_1_71' title='bbox 665 2043 827 2120; x_wconf 86' lang='lat' dir='ltr'><strong>medium</strong></span> <span class='ocrx_word' id='word_1_72' title='bbox 851 2033 1037 2120; x_wconf 79' lang='lat' dir='ltr'><strong>tenentem</strong></span> <span class='ocrx_word' id='word_1_73' title='bbox 1062 2049 1158 2121; x_wconf 82' lang='lat' dir='ltr'><strong>iuter</strong></span> <span class='ocrx_word' id='word_1_74' title='bbox 1179 2069 1303 2152; x_wconf 79' lang='lat' dir='ltr'><strong>prae·</strong></span> <span class='ocrx_word' id='word_1_75' title='bbox 1340 2070 1341 2074; x_wconf 60' lang='lat'>‘</span> 
     </span>
     <span class='ocr_line' id='line_1_12' title="bbox 187 2168 1299 2274; baseline 0.003 -29"><span class='ocrx_word' id='word_1_76' title='bbox 187 2169 359 2245; x_wconf 75' lang='lat' dir='ltr'><strong>cedentes</strong></span> <span class='ocrx_word' id='word_1_77' title='bbox 379 2185 490 2272; x_wconf 88' lang='lat' dir='ltr'><strong>atque</strong></span> <span class='ocrx_word' id='word_1_78' title='bbox 513 2171 674 2274; x_wconf 85' lang='lat' dir='ltr'><strong>reliquas</strong></span> <span class='ocrx_word' id='word_1_79' title='bbox 697 2168 799 2263; x_wconf 88' lang='lat' dir='ltr'><strong>duas,</strong></span> <span class='ocrx_word' id='word_1_80' title='bbox 830 2193 922 2273; x_wconf 87' lang='lat' dir='ltr'><strong>quae</strong></span> <span class='ocrx_word' id='word_1_81' title='bbox 950 2168 1046 2243; x_wconf 82' lang='lat' dir='ltr'><strong>hane</strong></span> <span class='ocrx_word' id='word_1_82' title='bbox 1071 2188 1299 2274; x_wconf 82' lang='lat' dir='ltr'><strong>sequuntur,</strong></span> 
     </span>
     <span class='ocr_line' id='line_1_13' title="bbox 187 2291 1341 2394; baseline 0.001 -26"><span class='ocrx_word' id='word_1_83' title='bbox 187 2299 371 2368; x_wconf 85' lang='lat' dir='ltr'><strong>maximas.</strong></span> <span class='ocrx_word' id='word_1_84' title='bbox 412 2294 541 2394; x_wconf 79' lang='lat' dir='ltr'><strong>Finem</strong></span> <span class='ocrx_word' id='word_1_85' title='bbox 560 2295 698 2371; x_wconf 83' lang='lat' dir='ltr'><strong>faciunt</strong></span> <span class='ocrx_word' id='word_1_86' title='bbox 713 2295 865 2372; x_wconf 84' lang='lat' dir='ltr'><strong>Latinae</strong></span> <span class='ocrx_word' id='word_1_87' title='bbox 885 2291 1046 2385; x_wconf 86' lang='lat' dir='ltr'><strong>tabulae,-</strong></span> <span class='ocrx_word' id='word_1_88' title='bbox 1077 2311 1172 2394; x_wconf 81' lang='lat' dir='ltr'><strong>quae</strong></span> <span class='ocrx_word' id='word_1_89' title='bbox 1192 2295 1299 2369; x_wconf 86' lang='lat' dir='ltr'><strong>iusto</strong></span> <span class='ocrx_word' id='word_1_90' title='bbox 1340 2303 1341 2322; x_wconf 59' lang='lat'><strong>.</strong></span> 
     </span>
     <span class='ocr_line' id='line_1_14' title="bbox 188 2416 1342 2526; baseline -0.003 -32"><span class='ocrx_word' id='word_1_91' title='bbox 188 2418 317 2494; x_wconf 88' lang='lat' dir='ltr'><strong>ordine</strong></span> <span class='ocrx_word' id='word_1_92' title='bbox 340 2445 382 2494; x_wconf 86' lang='lat' dir='ltr'><strong>se</strong></span> <span class='ocrx_word' id='word_1_93' title='bbox 410 2423 607 2522; x_wconf 83' lang='lat' dir='ltr'><strong>excipiunt,</strong></span> <span class='ocrx_word' id='word_1_94' title='bbox 636 2424 707 2494; x_wconf 91' lang='lat' dir='ltr'><strong>nisi</strong></span> <span class='ocrx_word' id='word_1_95' title='bbox 734 2416 836 2526; x_wconf 76' lang='lat' dir='ltr'><strong>quod</strong></span> <span class='ocrx_word' id='word_1_96' title='bbox 861 2421 1003 2520; x_wconf 78' lang='lat' dir='ltr'><strong>prioris·</strong></span> <span class='ocrx_word' id='word_1_97' title='bbox 1019 2420 1201 2520; x_wconf 84' lang='lat' dir='ltr'><strong>posticam</strong></span> <span class='ocrx_word' id='word_1_98' title='bbox 1227 2443 1294 2491; x_wconf 80' lang='lat' dir='ltr'><strong>an·</strong></span> <span class='ocrx_word' id='word_1_99' title='bbox 1341 2476 1342 2520; x_wconf 68' lang='lat'><strong>,</strong></span> 
     </span>
     <span class='ocr_line' id='line_1_15' title="bbox 185 2530 1342 2648; baseline -0.003 -29"><span class='ocrx_word' id='word_1_100' title='bbox 185 2547 361 2648; x_wconf 84' lang='lat' dir='ltr'><strong>teposuit.</strong></span> <span class='ocrx_word' id='word_1_101' title='bbox 415 2535 543 2637; x_wconf 82' lang='lat' dir='ltr'><strong>Hunc,</strong></span> <span class='ocrx_word' id='word_1_102' title='bbox 577 2559 620 2620; x_wconf 90' lang='lat' dir='ltr'><strong>ut</strong></span> <span class='ocrx_word' id='word_1_103' title='bbox 648 2530 891 2648; x_wconf 52' lang='lat' dir='ltr'><strong>prinumkita</strong></span> <span class='ocrx_word' id='word_1_104' title='bbox 922 2544 1161 2616; x_wconf 83' lang='lat' dir='ltr'><strong>coustitutum</strong></span> <span class='ocrx_word' id='word_1_105' title='bbox 1192 2539 1292 2615; x_wconf 88' lang='lat' dir='ltr'><strong>ordi·</strong></span> <span class='ocrx_word' id='word_1_106' title='bbox 1341 2541 1342 2634; x_wconf 66' lang='grc' dir='ltr'>ἰ</span> 
     </span>
     <span class='ocr_line' id='line_1_16' title="bbox 186 2629 1293 2774; baseline -0.004 -30"><span class='ocrx_word' id='word_1_107' title='bbox 186 2695 286 2763; x_wconf 90' lang='lat' dir='ltr'><strong>nem,</strong></span> <span class='ocrx_word' id='word_1_108' title='bbox 320 2674 360 2746; x_wconf 89' lang='lat' dir='ltr'><strong>in</strong></span> <span class='ocrx_word' id='word_1_109' title='bbox 390 2663 697 2771; x_wconf 80' lang='lat' dir='ltr'><strong>subsequentibus</strong></span> <span class='ocrx_word' id='word_1_110' title='bbox 723 2629 896 2774; x_wconf 42' lang='lat' dir='ltr'><strong>sequar&gt;t</strong></span> <span class='ocrx_word' id='word_1_111' title='bbox 905 2663 1112 2769; x_wconf 81' lang='lat' dir='ltr'><strong>usquedum</strong></span> <span class='ocrx_word' id='word_1_112' title='bbox 1138 2663 1293 2740; x_wconf 51' lang='lat' dir='ltr'><strong>demon*</strong></span> 
     </span>
     <span class='ocr_line' id='line_1_17' title="bbox 99 2788 1294 2978; baseline 0 -112"><span class='ocrx_word' id='word_1_113' title='bbox 99 2872 102 2883; x_wconf 26' lang='grc' dir='ltr'>ι</span> <span class='ocrx_word' id='word_1_114' title='bbox 186 2804 366 2886; x_wconf 78' lang='lat' dir='ltr'><strong>stravere,</strong></span> <span class='ocrx_word' id='word_1_115' title='bbox 405 2809 583 2894; x_wconf 83' lang='lat' dir='ltr'><strong>quatenus</strong></span> <span class='ocrx_word' id='word_1_116' title='bbox 617 2809 653 2868; x_wconf 88' lang='lat' dir='ltr'><strong>et</strong></span> <span class='ocrx_word' id='word_1_117' title='bbox 687 2797 820 2896; x_wconf 84' lang='lat' dir='ltr'><strong>quibus</strong></span> <span class='ocrx_word' id='word_1_118' title='bbox 854 2821 899 2871; x_wconf 86' lang='lat' dir='ltr'><strong>ex</strong></span> <span class='ocrx_word' id='word_1_119' title='bbox 929 2793 1066 2978; x_wconf 54' lang='lat' dir='ltr'><strong>topasis</strong></span> <span class='ocrx_word' id='word_1_120' title='bbox 1095 2788 1294 2866; x_wconf 87' lang='lat' dir='ltr'><strong>mutandus</strong></span> 
     </span>
     <span class='ocr_line' id='line_1_18' title="bbox 185 2914 708 2992; baseline 0.008 -5"><span class='ocrx_word' id='word_1_121' title='bbox 185 2915 276 2989; x_wconf 88' lang='lat' dir='ltr'><strong>mihi</strong></span> <span class='ocrx_word' id='word_1_122' title='bbox 300 2914 478 2992; x_wconf 77' lang='lat' dir='ltr'><strong>videatur.</strong></span> <span class='ocrx_word' id='word_1_123' title='bbox 703 2921 708 2928; x_wconf 78' lang='grc'><strong>’</strong></span> 
     </span>
    </p>

    <p class='ocr_par' dir='ltr' id='par_1_4' title="bbox 168 2989 1290 4136">
     <span class='ocr_line' id='line_1_19' title="bbox 286 2989 1290 3266; baseline 0.003 -155"><span class='ocrx_word' id='word_1_124' title='bbox 286 3036 335 3112; x_wconf 86' lang='lat' dir='ltr'><strong>Et</strong></span> <span class='ocrx_word' id='word_1_125' title='bbox 352 3057 493 3112; x_wconf 82' lang='lat' dir='ltr'><strong>sextam</strong></span> <span class='ocrx_word' id='word_1_126' title='bbox 514 3037 665 3141; x_wconf 86' lang='lat' dir='ltr'><strong>quidem</strong></span> <span class='ocrx_word' id='word_1_127' title='bbox 683 2989 1170 3266; x_wconf 43' lang='lat' dir='ltr'><strong>Dempsteri&#39;tabnitssoiam</strong></span> <span class='ocrx_word' id='word_1_128' title='bbox 1190 3039 1290 3142; x_wconf 87' lang='lat' dir='ltr'><strong>apud</strong></span> 
     </span>
     <span class='ocr_line' id='line_1_20' title="bbox 186 3161 1289 3262; baseline 0 -24"><span class='ocrx_word' id='word_1_129' title='bbox 186 3161 426 3238; x_wconf 84' lang='lat' dir='ltr'><strong>Gruterum</strong></span> <span class='ocrx_word' id='word_1_130' title='bbox 451 3166 584 3235; x_wconf 88' lang='lat' dir='ltr'><strong>rectius</strong></span> <span class='ocrx_word' id='word_1_131' title='bbox 610 3162 775 3240; x_wconf 89' lang='lat' dir='ltr'><strong>videmus</strong></span> <span class='ocrx_word' id='word_1_132' title='bbox 803 3167 1012 3262; x_wconf 82' lang='lat' dir='ltr'><strong>exhibitam,</strong></span> <span class='ocrx_word' id='word_1_133' title='bbox 1112 3185 1181 3238; x_wconf 83' lang='lat' dir='ltr'><strong>nne</strong></span> <span class='ocrx_word' id='word_1_134' title='bbox 1204 3165 1289 3238; x_wconf 87' lang='lat' dir='ltr'><strong>Me-</strong></span> 
     </span>
     <span class='ocr_line' id='line_1_21' title="bbox 185 3263 1288 3390; baseline 0.002 -30"><span class='ocrx_word' id='word_1_135' title='bbox 185 3287 294 3380; x_wconf 90' lang='lat' dir='ltr'><strong>tello,</strong></span> <span class='ocrx_word' id='word_1_136' title='bbox 329 3291 393 3390; x_wconf 84' lang='lat' dir='ltr'><strong>qui</strong></span> <span class='ocrx_word' id='word_1_137' title='bbox 425 3289 641 3389; x_wconf 86' lang='lat' dir='ltr'><strong>exscriptam</strong></span> <span class='ocrx_word' id='word_1_138' title='bbox 674 3277 835 3364; x_wconf 83' lang='lat' dir='ltr'><strong>Grutero</strong></span> <span class='ocrx_word' id='word_1_139' title='bbox 868 3294 982 3383; x_wconf 89' lang='lat' dir='ltr'><strong>misit,</strong></span> <span class='ocrx_word' id='word_1_140' title='bbox 1020 3263 1157 3368; x_wconf 72' lang='lat' dir='ltr'><strong>entitas</strong></span> <span class='ocrx_word' id='word_1_141' title='bbox 1187 3294 1288 3388; x_wconf 88' lang='lat' dir='ltr'><strong>parti</strong></span> 
     </span>
     <span class='ocr_line' id='line_1_22' title="bbox 186 3405 1285 3513; baseline 0.001 -29"><span class='ocrx_word' id='word_1_142' title='bbox 186 3438 291 3485; x_wconf 89' lang='lat' dir='ltr'><strong>suum</strong></span> <span class='ocrx_word' id='word_1_143' title='bbox 316 3412 441 3486; x_wconf 90' lang='lat' dir='ltr'><strong>locum</strong></span> <span class='ocrx_word' id='word_1_144' title='bbox 466 3409 684 3487; x_wconf 78' lang='lat' dir='ltr'><strong>vindicante.</strong></span> <span class='ocrx_word' id='word_1_145' title='bbox 739 3410 853 3507; x_wconf 90' lang='lat' dir='ltr'><strong>Quod</strong></span> <span class='ocrx_word' id='word_1_146' title='bbox 876 3437 966 3489; x_wconf 87' lang='lat' dir='ltr'><strong>vero</strong></span> <span class='ocrx_word' id='word_1_147' title='bbox 989 3405 1035 3487; x_wconf 87' lang='lat' dir='ltr'><strong>L.</strong></span> <span class='ocrx_word' id='word_1_148' title='bbox 1055 3405 1285 3513; x_wconf 80' lang='lat' dir='ltr'><strong>Bourgue-</strong></span> 
     </span>
     <span class='ocr_line' id='line_1_23' title="bbox 168 3534 1282 3646; baseline 0.006 -43"><span class='ocrx_word' id='word_1_149' title='bbox 168 3539 273 3646; x_wconf 76' lang='lat' dir='ltr'><strong>tius</strong></span> <span class='ocrx_word' id='word_1_150' title='bbox 290 3534 372 3636; x_wconf 74' lang='lat'>(2⁵⁸)</span> <span class='ocrx_word' id='word_1_151' title='bbox 398 3539 537 3638; x_wconf 89' lang='lat' dir='ltr'><strong>primus</strong></span> <span class='ocrx_word' id='word_1_152' title='bbox 564 3537 780 3629; x_wconf 83' lang='lat' dir='ltr'><strong>observavit,</strong></span> <span class='ocrx_word' id='word_1_153' title='bbox 811 3535 974 3611; x_wconf 85' lang='lat' dir='ltr'><strong>tabulam</strong></span> <span class='ocrx_word' id='word_1_154' title='bbox 1001 3555 1165 3643; x_wconf 80' lang='lat' dir='ltr'><strong>quartam</strong></span> <span class='ocrx_word' id='word_1_155' title='bbox 1189 3535 1282 3610; x_wconf 90' lang='lat' dir='ltr'><strong>Um-</strong></span> 
     </span>
     <span class='ocr_line' id='line_1_24' title="bbox 184 3651 1283 3766; baseline 0.004 -34"><span class='ocrx_word' id='word_1_156' title='bbox 184 3657 286 3732; x_wconf 85' lang='lat' dir='ltr'><strong>brice</strong></span> <span class='ocrx_word' id='word_1_157' title='bbox 318 3662 491 3760; x_wconf 85' lang='lat' dir='ltr'><strong>scriptam</strong></span> <span class='ocrx_word' id='word_1_158' title='bbox 525 3659 687 3735; x_wconf 85' lang='lat' dir='ltr'><strong>eiusdem</strong></span> <span class='ocrx_word' id='word_1_159' title='bbox 720 3651 796 3738; x_wconf 80' lang='lat' dir='ltr'><strong>fere</strong></span> <span class='ocrx_word' id='word_1_160' title='bbox 830 3667 1031 3766; x_wconf 83' lang='lat' dir='ltr'><strong>argumenti</strong></span> <span class='ocrx_word' id='word_1_161' title='bbox 1063 3687 1138 3738; x_wconf 88' lang='lat' dir='ltr'><strong>esse</strong></span> <span class='ocrx_word' id='word_1_162' title='bbox 1173 3678 1283 3764; x_wconf 87' lang='lat' dir='ltr'><strong>atque</strong></span> 
     </span>
     <span class='ocr_line' id='line_1_25' title="bbox 186 3780 1285 3897; baseline 0.003 -41"><span class='ocrx_word' id='word_1_163' title='bbox 186 3781 275 3856; x_wconf 87' lang='lat' dir='ltr'><strong>duas</strong></span> <span class='ocrx_word' id='word_1_164' title='bbox 286 3781 448 3873; x_wconf 88' lang='lat' dir='ltr'><strong>Latinas,</strong></span> <span class='ocrx_word' id='word_1_165' title='bbox 470 3780 556 3856; x_wconf 90' lang='lat' dir='ltr'><strong>inde</strong></span> <span class='ocrx_word' id='word_1_166' title='bbox 574 3788 755 3887; x_wconf 84' lang='lat' dir='ltr'><strong>apparuit,</strong></span> <span class='ocrx_word' id='word_1_167' title='bbox 776 3805 917 3862; x_wconf 79' lang='lat' dir='ltr'><strong>sextam</strong></span> <span class='ocrx_word' id='word_1_168' title='bbox 934 3787 1040 3862; x_wconf 89' lang='lat' dir='ltr'><strong>simul</strong></span> <span class='ocrx_word' id='word_1_169' title='bbox 1058 3781 1169 3892; x_wconf 78' lang='lat' dir='ltr'><strong>atque</strong></span> <span class='ocrx_word' id='word_1_170' title='bbox 1183 3815 1285 3897; x_wconf 73' lang='lat' dir='ltr'><strong>prat·-</strong></span> 
     </span>
     <span class='ocr_line' id='line_1_26' title="bbox 186 3903 1283 4018; baseline 0.004 -37"><span class='ocrx_word' id='word_1_171' title='bbox 186 3925 257 3982; x_wconf 82' lang='lat' dir='ltr'><strong>tam</strong></span> <span class='ocrx_word' id='word_1_172' title='bbox 285 3907 496 4010; x_wconf 86' lang='lat' dir='ltr'><strong>Dempsteri</strong></span> <span class='ocrx_word' id='word_1_173' title='bbox 525 3903 669 4018; x_wconf 83' lang='lat' dir='ltr'><strong>tabulas</strong></span> <span class='ocrx_word' id='word_1_174' title='bbox 699 3909 962 3986; x_wconf 82' lang='lat' dir='ltr'><strong>convertendas</strong></span> <span class='ocrx_word' id='word_1_175' title='bbox 988 3930 1080 3988; x_wconf 86' lang='lat' dir='ltr'><strong>esse.</strong></span> <span class='ocrx_word' id='word_1_176' title='bbox 1134 3917 1283 3992; x_wconf 87' lang='lat' dir='ltr'><strong>Initium</strong></span> 
     </span>
     <span class='ocr_line' id='line_1_27' title="bbox 186 4022 1279 4136; baseline 0.009 -34"><span class='ocrx_word' id='word_1_177' title='bbox 186 4031 284 4105; x_wconf 88' lang='lat' dir='ltr'><strong>enim</strong></span> <span class='ocrx_word' id='word_1_178' title='bbox 305 4029 529 4136; x_wconf 73' lang='lat' dir='ltr'><strong>poeticarum</strong></span> <span class='ocrx_word' id='word_1_179' title='bbox 550 4027 709 4136; x_wconf 83' lang='lat' dir='ltr'><strong>partium</strong></span> <span class='ocrx_word' id='word_1_180' title='bbox 732 4036 918 4110; x_wconf 83' lang='lat' dir='ltr'><strong>ambarum</strong></span> <span class='ocrx_word' id='word_1_181' title='bbox 942 4022 1043 4111; x_wconf 80' lang='lat' dir='ltr'><strong>idem</strong></span> <span class='ocrx_word' id='word_1_182' title='bbox 1070 4057 1137 4135; x_wconf 85' lang='lat' dir='ltr'><strong>est,</strong></span> <span class='ocrx_word' id='word_1_183' title='bbox 1167 4045 1206 4116; x_wconf 89' lang='lat' dir='ltr'><strong>in</strong></span> <span class='ocrx_word' id='word_1_184' title='bbox 1231 4038 1279 4114; x_wconf 88' lang='lat' dir='ltr'><strong>al-</strong></span> 
     </span>
    </p>
   </div>
   <div class='ocr_carea' id='block_1_4' title="bbox 236 4241 908 4372">
    <p class='ocr_par' dir='ltr' id='par_1_5' title="bbox 236 4241 908 4372">
     <span class='ocr_line' id='line_1_28' title="bbox 236 4241 908 4372; baseline 0.019 -28"><span class='ocrx_word' id='word_1_185' title='bbox 236 4285 315 4365; x_wconf 68' lang='lat'><strong>(258)</strong></span> <span class='ocrx_word' id='word_1_186' title='bbox 340 4289 418 4351; x_wconf 74' lang='lat' dir='ltr'><strong>eor.</strong></span> <span class='ocrx_word' id='word_1_187' title='bbox 432 4295 563 4366; x_wconf 67' lang='lat' dir='ltr'><strong>ouem.</strong></span> <span class='ocrx_word' id='word_1_188' title='bbox 576 4289 613 4352; x_wconf 84' lang='lat' dir='ltr'><strong>T.</strong></span> <span class='ocrx_word' id='word_1_189' title='bbox 621 4241 702 4352; x_wconf 71' lang='lat' dir='ltr'><strong>xiv.</strong></span> <span class='ocrx_word' id='word_1_190' title='bbox 715 4311 744 4372; x_wconf 83' lang='lat' dir='ltr'><strong>p.</strong></span> <span class='ocrx_word' id='word_1_191' title='bbox 753 4301 796 4352; x_wconf 58' lang='grc' dir='ltr'><strong>πο.</strong></span> <span class='ocrx_word' id='word_1_192' title='bbox 902 4299 908 4312; x_wconf 70' lang='grc'><em>“</em></span> 
     </span>
    </p>
   </div>
   <div class='ocr_carea' id='block_1_5' title="bbox 0 0 1356 4980">
    <p class='ocr_par' dir='ltr' id='par_1_6' title="bbox 0 0 1356 4980">
     <span class='ocr_line' id='line_1_29' title="bbox 0 0 1356 4980; baseline 0 2"><span class='ocrx_word' id='word_1_193' title='bbox 0 0 1356 4980; x_wconf 95' lang='lat' dir='ltr'><strong> </strong></span> 
     </span>
    </p>
   </div>
  </div>
 </body>
</html>
