2694 4978
583 345 635 432 21

58 543 223 642 ingenio,
260 563 367 643 quam
397 542 477 616 riro
509 513 772 612 studiosissimo
797 537 1051 640 imputandum
1078 544 1157 642 opi-

58 691 146 736 nor.
186 662 246 737 De
265 663 398 736 tabulis
414 661 618 765 Eugubinis
638 661 889 764 compluribus
907 666 945 735 in
961 663 1052 737 locis
1070 689 1157 738 con·
1182 706 1185 712 -

58 785 215 861 siderate
240 784 420 880 disserant,
450 803 487 862 et
513 811 607 889 quae
631 783 813 888 prolixior
834 812 876 859 ea
899 784 946 859 de
966 813 1006 860 re
1027 784 1156 864 disser-

57 915 150 986 tatio
169 915 281 986 totius
299 915 422 1015 operis
441 910 554 985 finem
569 909 668 1002 facit,
688 927 810 1012 partes
829 914 938 986 etiam
954 911 1158 986 tabularum

56 1039 217 1138 ipsarum
242 1040 315 1112 suis
341 1061 525 1139 quamque
551 1033 680 1110 litteris
707 1034 866 1109 exhibet.

157 1158 304 1237 Novam
336 1185 381 1234 ex
413 1185 459 1234 eo
494 1175 662 1262 tempore
695 1158 817 1234 lucem
842 1175 1063 1262 acceperunt
1086 1159 1156 1232 lin-

51 1298 208 1385 guarum
234 1287 390 1387 origines
415 1301 526 1387 atque
551 1298 715 1376 naturae,
744 1286 812 1374 viri
838 1287 1064 1374 exstitenmt,
1094 1286 1158 1384 qui
1213 1355 1216 1359 .

53 1434 172 1509 quum
198 1390 299 1484 omni
324 1406 525 1499 doctrinae,
558 1424 638 1482 tum
662 1407 868 1510 linguarum
893 1411 1048 1481 maxime
1071 1433 1155 1510 per-

50 1535 268 1606 scrutationi
296 1557 435 1607 novum
463 1529 575 1632 idque
602 1531 791 1604 honestius
821 1529 977 1605 stadium
1002 1523 1154 1633 aperue-
1225 1551 1228 1564 ·

16 1629 19 1639 ’
50 1670 158 1745 runt,
196 1680 307 1756 quam
339 1651 440 1756 quod
472 1655 659 1756 praeteriti
685 1653 819 1726 saeculi
843 1654 903 1730 vel
927 1656 1156 1755 principibus

50 1791 222 1880 apertum
252 1777 334 1852 fuit.
388 1776 538 1852 Utinam
570 1772 670 1878 quod
698 1780 818 1877 magni
843 1793 953 1879 atque
977 1774 1156 1880 praeclari

12 1927 13 1932 ¹
49 1900 186 1978 baetin
211 1921 333 2001 ‘renim
363 1903 602 1978 conversione
628 1903 801 1993 vertitur,
837 1897 875 1974 id
901 1926 979 1974 non
1004 1926 1154 2002 prorsus

11 2097 12 2100 ,
49 2051 111 2098 me
143 2025 275 2127 fugisse
311 2024 656 2126 intelligentioribus
689 2022 872 2118 videatur,
915 2053 1029 2128 quum
1060 2023 1154 2098 hanc

49 2148 142 2222 mihi
166 2175 246 2222 rem
270 2165 307 2223 et
333 2175 388 2240 ea,
423 2175 495 2251 qua
521 2149 725 2252 apparebit,
759 2152 900 2224 ratione
927 2142 1152 2224 tractandam

47 2297 311 2376 proponerem.
363 2371 366 2381 ¹
713 2273 717 2288 ,
821 2297 825 2302 ·

498 2470 701 2492 a*

499 2497 700 2508 ——-

105 2813 189 2916 DE
227 2807 687 2914 LlTTERATURA
726 2808 1095 2916 UMBRORUM

318 3059 322 3068 ·
421 2977 802 3104 UNIVERSA„

530 3203 663 3214 ——-—

531 3213 661 3226 ψ

46 3345 190 3496 Quum
222 3379 411 3496 duplicem
447 3389 641 3466 exhibeant
670 3390 930 3483 litteraturam,
974 3391 1068 3492 quae
1097 3388 1143 3464 ad

44 3535 207 3594 nostram
221 3515 374 3594 aelatem
387 3529 634 3619 pervenerunt
646 3511 875 3589 Umbrorum
889 3531 1139 3609 monumenta,

43 3641 212 3723 Latinam
243 3641 370 3732 altera,
402 3639 514 3714 altera
539 3665 631 3728 eam,
665 3663 776 3740 quam
799 3639 990 3714 Etnxscam
1014 3639 1141 3742 appel-

44 3765 136 3857 lant,
168 3763 254 3840 inde
279 3767 435 3838 maxime
461 3766 499 3836 in
525 3761 771 3865 disputatione
796 3781 920 3839 nostra
949 3762 1140 3838 exordien-

46 3887 135 3962 dum
157 3886 312 3983 videtur,
340 3904 383 3963 ut
407 3868 644 3990 inquiramus,
679 3913 771 3990 quae
796 3892 844 3963 sit
866 3891 1056 3990 utriusque
1079 3885 1139 3962 lit·

42 4029 224 4110 teraturae
248 4016 342 4089 ratio
367 4030 478 4117 atque
503 4011 670 4116 dignitas,
702 4029 826 4088 utrum
839 4012 1022 4086 'alterutra
1046 4008 1137 4084 Um·
1213 4049 1215 4053 ·

41 4137 117 4214 bris
136 4137 248 4214 fuerit
265 4141 376 4240 magis
391 4141 555 4242 propria,
578 4141 758 4230 usitatior,
786 4135 984 4246 antiquior,
1012 4132 1072 4209 vel
1091 4132 1136 4208 ad
1185 4178 1189 4186 ·

41 4264 379 4361 pronuntiationem
399 4267 561 4367 ipsorum
584 4266 716 4372 aptior,
746 4288 792 4336 an
811 4257 946 4350 ,eodem
969 4271 1136 4363 tempore
1180 4365 1184 4372 ι
