2702 4980
735 357 791 444 80

215 553 527 655 exsequentibus,
556 548 594 624 id
618 548 813 652 quodiam
837 555 876 624 in
900 550 1207 654 praecedentibus
1232 581 1307 656 pas·

215 682 283 752 sim
302 673 589 753 animadvertere
616 675 763 768 licebat,
794 679 957 749 omnium
985 676 1062 752 fere
1082 676 1210 752 Italiae
1237 695 1309 753 tum

213 805 491 904 scripturarum,
526 816 605 874 tum
636 798 842 901 linguarum
873 799 982 874 fuisse
1014 805 1308 876 communitatem

212 923 397 1028 quandam
427 927 704 1028 progressionis.
758 923 831 999 Vel
863 927 959 999 inter
990 924 1171 1000 Graecam
1203 927 1308 1000 Etru·

211 1074 383 1152 scamque
408 1048 648 1122 litteraturam
673 1074 751 1122 non
775 1046 889 1124 modo
915 1053 1135 1153 primitivam
1149 1055 1308 1124 ‘coniun-

211 1179 373 1249 ctionem
403 1169 467 1246 sed
495 1176 607 1288 etiam
625 1188 848 1278 perpetuum
872 1172 1027 1276 aliquod
1053 1177 1311 1269 commercium

211 1302 400 1389 exstitisse,
418 1295 629 1373 'affirmavit
658 1294 706 1370 Ο.
728 1295 972 1372 Muellerus
998 1297 1094 1398 (²²⁶).
1150 1297 1231 1392 Qua
1264 1299 1310 1372 de

210 1449 333 1526 caussa
351 1447 428 1494 non
448 1446 591 1512 vereor,
620 1445 667 1494 ne
687 1434 826 1494 temere
850 1419 981 1522 agendi
1005 1426 1310 1526 vituperationem

133 1561 137 1570 ’
209 1546 346 1620 laturus
370 1548 451 1637 sim,
482 1547 582 1618 sier
608 1544 735 1618 formis
761 1544 979 1640 litterarum,
1008 1552 1228 1652 comparatis
1253 1575 1308 1623 ce·
1341 1603 1342 1630 ,

209 1673 297 1744 teris
322 1669 470 1761 Italicis,
505 1671 670 1771 inprimis
695 1671 858 1744 Etruscis
883 1669 1027 1764 litteris,
1063 1670 1307 1776 adhibitisque

209 1799 319 1869 etiam
338 1793 500 1884 Graecis,
530 1792 805 1868 conclusionem
826 1793 972 1869 efficere
993 1821 1123 1888 conor,
1153 1795 1199 1871 tle
1219 1815 1308 1872 tem·
1340 1851 1341 1856 η

208 1943 314 2022 pore,
345 1943 420 2020 qno
442 1919 597 2020 scriptae
617 1914 809 1993 videantur
832 1918 992 1993 tabulae.
1032 1895 1228 2002 Accedunt
1249 1950 1309 1996 au·

208 2059 285 2115 tem
317 2038 362 2114 ad
388 2042 523 2116 formas
555 2041 759 2115 litterarum
791 2042 991 2116 nonnullae
1023 2045 1135 2144 ipsius
1163 2043 1340 2153 linguae¹

210 2168 439 2254 mutationes,
464 2191 557 2267 quae
579 2164 855 2267 argumentandi
874 2168 982 2268 npbis
1001 2169 1146 2269 copiam
1163 2166 1311 2242 facient

208 2290 413 2364 Multorum
432 2292 480 2362 ita
500 2288 720 2364 indiciorum
739 2315 920 2362 consensu
939 2307 1083 2393 tempus
1102 2306 1201 2364 certe
1220 2318 1310 2366 con·

140 2391 148 2404 ¹
207 2417 356 2490 stituere
374 2415 513 2508 licebit,
544 2411 646 2518 quod
665 2413 762 2488 ultra
780 2415 942 2517 citraque
961 2412 1052 2515 baec
1071 2432 1309 2526 mpnumeuta

207 2542 379 2642 inscripta
406 2566 483 2616 esse
509 2555 712 2643 nequeunt.
1337 2631 1341 2638 1

308 2665 586 2740 Praemittamus
619 2667 728 2764 igitur
758 2662 934 2737 Umbrice
967 2665 1117 2767 scriptas
1150 2664 1305 2756 tabulas,

206 2792 246 2862 in
267 2789 399 2890 quibus
419 2786 512 2860 aliae
530 2785 687 2876 litterae,
717 2801 760 2858 ut
779 2791 821 2877 8,
845 2793 885 2877 d,
909 2785 949 2878 q,
978 2789 1024 2877 Λ,
1056 2790 1194 2890 quippe
1215 2809 1308 2891 quae

208 2911 359 2983 Umbris
389 2906 561 2985 videntur
591 2907 794 3012 peculiares
826 2908 950 3002 fuisse,
987 2915 1140 2985 omnino
1170 2912 1308 2987 nullam
1340 2905 1341 2960 l

206 3029 402 3106 admittunt
428 3035 753 3136 comparationem,
782 3033 887 3125 aliae,
914 3048 969 3126 ut,
996 3031 1033 3123 8,
1053 3033 1078 3123 Ι,
1095 3036 1131 3124 ’1,
1149 3042 1191 3126 0,
1209 3035 1243 3127 l,
1263 3039 1308 3126 V,

206 3159 245 3229 in
263 3156 426 3230 Etruscis
443 3171 523 3232 tum
547 3160 819 3258 antiquissimis,
848 3174 928 3233 tum
949 3162 1306 3240 recentissimismo·

207 3283 390 3354 numentis
415 3279 543 3354 formis
567 3305 717 3384 prorsus
744 3279 874 3355 iisdem
900 3283 1187 3382 conspiciuntur,
1216 3264 1309 3358 aliae

208 3403 368 3508 denique
401 3403 550 3481 diversis
584 3400 734 3506 quidem
766 3403 894 3480 formis
927 3402 1108 3478 exhibitae
1133 3420 1230 3498 sunt,
1267 3411 1307 3482 iis

109 3532 111 3536 ’
207 3546 332 3603 tamen
367 3531 532 3622 incertis,
570 3531 629 3600 cni
667 3553 835 3630 quaeque
873 3531 982 3602 aetati
1014 3526 1210 3604 tribuenda
1241 3535 1301 3620 sit.

207 3649 350 3726 Paucae
370 3668 512 3726 tantum
533 3641 681 3745 restant,
713 3679 802 3755 quas
823 3650 869 3726 ad
893 3668 1104 3757 temporum
1127 3657 1303 3729 rationem

206 3799 379 3854 revocare
403 3773 503 3849 licet.
1339 3765 1340 3792 ¹

218 3973 220 3980 Α
308 3897 479 3984 Alittera
497 3901 536 3974 in
554 3899 742 3975 nonnullis
769 3902 1026 4005 antiquissimis
1051 3901 1300 4006 sepulcrorum

257 4180 336 4262 (aas)
361 4185 427 4243 Etr.
439 4179 479 4242 11.
494 4190 597 4263 pass.
