2694 4978
214 576 381 652 Tabulae
401 577 616 680 Eugultinae
636 574 784 652 tandem
809 576 1010 680 aliquando
1032 605 1160 656 ornnes
1177 597 1217 656 et
1234 588 1315 656 uni-

212 727 336 778 versae
357 706 430 777 suis
457 727 626 805 quaeque
652 699 795 793 litteris,
825 705 943 805 iisque
969 701 1015 777 ad
1042 709 1163 808 ipsum
1190 707 1315 781 arche-

212 845 342 933 typum
366 826 640 929 diligentissime
666 829 863 929 expressis,
896 831 935 901 in
961 827 1124 903 medium
1148 831 1315 933 profere-

212 957 358 1028 bantur.
409 948 523 1044 Quod
548 976 608 1024 me
632 976 710 1025 non
734 967 875 1026 temere
899 950 1108 1046 credidisse,
1138 958 1177 1040 ii,
1205 972 1314 1058 puto,

212 1079 303 1154 mihi
325 1073 544 1168 concedent,
569 1079 633 1178 qui
654 1078 785 1168 sciunt,
816 1081 939 1152 omnia
959 1077 1055 1172 fere,
1073 1103 1317 1182 quaecunque

213 1202 260 1278 de
279 1205 433 1276 Etrusca
458 1198 661 1303 litteratius
684 1215 793 1303 atque
819 1200 943 1303 lingua
965 1201 1108 1278 doctius
1132 1199 1319 1278 indoctius

212 1327 387 1428 deinceps
413 1321 595 1428 disputata
622 1341 720 1418 sunt,
755 1325 957 1400 aTabulis
981 1328 1199 1429 Eugubinis,
1235 1317 1338 1402 tan·¹

212 1475 323 1554 quam
342 1475 363 1522 a
381 1449 580 1552 largissime
606 1465 765 1524 scatente
790 1447 917 1544 fonte,
937 1451 1111 1554 profecta
1126 1469 1238 1554 atque
1259 1479 1319 1526 re-

210 1579 325 1680 petita
345 1599 437 1666 esse,
466 1577 517 1650 ita
535 1589 578 1648 ut
596 1573 746 1648 historia
766 1575 976 1650 tabularum
995 1579 1067 1649 iam
1086 1575 1181 1650 facta
1197 1603 1321 1680 paene

198 1693 377 1778 'rideatur
390 1697 542 1773 historia
556 1698 762 1773 litterarum
773 1700 1022 1776 Etruscarum.
1039 1743 1080 1760 -·
1099 1697 1214 1793 Quod
1227 1727 1318 1779 vero

211 1823 256 1900 ad
270 1824 384 1900 fidem
401 1822 510 1895 huius
529 1821 689 1923 exempli
703 1827 841 1912 attinet,
855 1824 1011 1898 affirmat
1024 1828 1103 1926 ipse
1117 1825 1317 1912 Bonarota‚

213 1948 450 2049 „archetypo
472 1945 608 2020 similes
631 1942 899 2047 diligenterque
922 1945 1132 2036 emendatas
1151 1975 1191 2022 se
1213 1950 1318 2024 exhi-

209 2076 298 2146 bere
316 2069 473 2162 tabulas,
498 2095 613 2172 quum
630 2072 670 2145 in
689 2067 873 2162 omnibus,
896 2085 1155 2172 praeterquam
1173 2073 1213 2144 in
1229 2071 1320 2144 cha-

98 2287 102 2296 .
210 2212 391 2271 racterum
426 2190 694 2294 magnitudine,
733 2193 863 2268 formis
899 2192 1121 2306 quibusdam
1155 2207 1320 2299 'respon-

157 2402 160 2411 ,
210 2321 332 2414 deant,
361 2343 474 2422 super
497 2320 585 2420 ipsis
606 2317 742 2392 tabulis
767 2321 964 2422 impressis,
994 2347 1085 2422 quas
1108 2318 1246 2396 iamdiu
1267 2321 1318 2394 ad

208 2452 329 2552 ipsum
360 2446 599 2518 transmiserit
628 2442 899 2536 Bonaventuri,
924 2421 1080 2518 ¹Montis
1111 2443 1319 2549 Physconis

208 2575 414 2676 Episcopus
438 2563 476 2643 et
498 2569 694 2643 novissime
714 2568 975 2661 Mancinforte‚
1004 2567 1319 2672 Archiepiscopus

207 2690 511 2800 Neapolitanus.'’
536 2689 669 2791 Neque
687 2690 725 2764 id
743 2719 789 2765 ex
807 2717 903 2769 vano
917 2691 1092 2793 gloriatus
1106 2710 1173 2785 est,
1197 2691 1319 2768 sedin

176 2885 180 2894 .
209 2825 317 2895 rebus
335 2817 398 2894 vel
424 2815 673 2887 minutissimis
695 2815 836 2915 ubique
854 2815 928 2888 tale
949 2831 1119 2918 expertus
1141 2843 1222 2889 sum
1240 2817 1318 2894 hoc

209 2939 430 3044 exemplum,
460 2936 570 3040 qual'c
588 2933 655 3014 ,ille
673 2933 844 3040 promisit
861 2935 942 3036 (²⁸).
987 2939 1118 3042 Itaque
1136 2943 1317 3016 maximae

209 3091 353 3169 semper
368 3064 478 3138 nobis
498 3065 567 3137 erit
590 3065 831 3138 auctoritatis.
866 3060 973 3156 Quae
992 3066 1029 3136 in
1046 3061 1315 3140 Additamento

207 3193 393 3267 Bonarota
413 3185 460 3261 de
476 3185 611 3261 tabulis
630 3184 795 3280 adnotat,
819 3191 964 3262 nonita
984 3187 1112 3282 multa,
1143 3187 1207 3264 sed
1227 3207 1315 3293 apte

209 3335 246 3393 et
268 3312 496 3392 considerate
516 3310 611 3385 dicta
635 3325 732 3385 sunt.
778 3312 863 3414 Ipse
888 3317 962 3385 iam
988 3316 1204 3416 suspicatur,
1234 3342 1315 3389 non

207 3443 460 3530 Etruscorum,
496 3433 559 3510 sed
585 3435 814 3510 Umbrorum
846 3461 940 3538 opus
972 3463 1063 3530 csse,
1097 3455 1204 3513 acute
1233 3445 1313 3514 ani-

208 3562 450 3652 madvertens,
478 3560 580 3634 nulla
601 3559 665 3634 hic
690 3563 889 3654 obversari,
919 3587 1014 3664 quae
1040 3563 1246 3664 frequentia
1273 3569 1314 3640 in

207 3687 370 3764 Etruscis
389 3689 655 3778 monumentis,
683 3687 794 3762 rerba
814 3689 853 3760 in
877 3686 913 3761 al
934 3684 1150 3762 desinentia.
1191 3685 1237 3761 In
1258 3689 1310 3764 al-

258 3909 322 3992 (28)
346 3910 424 3972 Mas
427 3911 448 3972 f.
470 3917 539 3974 Oss.
551 3917 627 3974 Lete.
635 3914 672 3974 V.
692 3936 722 3995 p.
730 3926 793 3978 331.
833 3913 955 3994 „Quiri
980 3933 1054 3974 sono
1081 3925 1220 3998 stampatc
1245 3916 1311 3978 cosi

208 4012 396 4091 ledelmente‚
414 4013 470 4076 che
483 4014 505 4076 il
518 4015 609 4078 veder
621 4015 649 4076 la
661 4027 769 4098 stampa
783 4017 800 4078 e
813 4017 893 4097 quasi
906 4035 990 4076 come
1003 4015 1095 4078 veder
1105 4016 1149 4102 gli
1163 4018 1310 4103 originali.

206 4115 307 4178 Felice
325 4115 356 4177 lo
375 4115 472 4183 studio
492 4117 560 4180 dell’
578 4115 728 4196 antichitl,
746 4138 777 4179 se
795 4116 863 4178 tutti
881 4117 892 4176 i
910 4118 1094 4180 monumenti
1112 4119 1226 4182 fossero
1243 4119 1310 4182 stati

206 4215 366 4299 pubblicati
385 4242 442 4283 con
459 4209 549 4306 ugual
566 4217 720 4303 diligenza.
752 4217 795 4280 La
812 4217 908 4282 forma
922 4217 1000 4282 delle
1014 4219 1121 4284 lettere
1135 4221 1153 4284 e
1166 4221 1310 4306 perfetta·

206 4327 305 4382 mente
324 4320 443 4398 imitata,
459 4341 479 4383 e
496 4323 522 4384 si
538 4321 598 4403 pue
616 4321 767 4400 directe
781 4323 880 4386 nont’
892 4324 909 4386 e
922 4323 1003 4405 quasi
1014 4324 1166 4388 lettera-in
1177 4323 1279 4387 etto?
