2702 4980
508 357 627 484 ,79

51 554 193 626 lonicae
211 553 426 630 scriberent:
455 537 617 632 Εὸβωλος
628 539 843 651 (Εὔβουλος),
865 545 1057 643 rivalitati
1076 549 1148 649 (τοῦ

50 668 227 776 πολέμου),
260 666 393 764 ἷςγᾶνιις
416 665 590 776 (irritata)
608 670 701 776 (²²⁴).
742 655 912 778 'Semper
941 701 1147 777 praecesse·

49 816 135 873 runt
164 815 286 874 autem
309 798 421 874 Iones
451 803 490 874 in
518 802 819 901 pronuntiatione
844 799 1013 874 subtilius
1039 826 1147 878 exco-
1216 841 1220 848 ·

14 983 15 988 ,
48 922 156 998 lenda
181 941 218 1000 et
242 921 432 1027 poliendo.
473 923 523 996 Hi
547 926 656 1025 igitur
679 926 789 1025 primi
810 940 884 1000 tres
908 922 1149 1005 distinxerunt

49 1075 158 1122 sonos
186 1077 223 1142 o,
260 1077 286 1122 ιι
303 1065 354 1140 ,et
384 1075 447 1140 ue,
485 1074 579 1150 quos
610 1048 728 1122 tribus
760 1052 869 1124 etiam
900 1052 1009 1150 signis
1038 1053 1150 1152 primi

13 1189 14 1258 ζ
50 1171 282 1275 designarunt
299 1175 349 1266 0,
370 1175 452 1265 ΟΥ,
469 1176 514 1248 Υ.
557 1168 662 1266 Quae
681 1171 831 1275 quidem
847 1177 1024 1278 scriptura
1041 1175 1150 1252 simul

13 1309 14 1332 ³
50 1324 129 1371 cum
159 1300 460 1401 pronuntiatione
490 1301 530 1371 in
554 1297 676 1372 Attica
709 1323 859 1400 quoque
889 1295 1059 1374 deinde
1048 1325 1149 1376 mva

48 1420 127 1497 luit.
177 1420 371 1496 Simillima
396 1422 567 1538 proiecto
593 1447 671 1496 non
695 1420 879 1498 scribendi
899 1439 1057 1544 tantum,
1083 1421 1148 1498 sed

13 1543 311 1649 pronuntiandi
339 1549 506 1620 transitio
533 1545 641 1619 fuit
629 1571 670 1618 m
693 1545 823 1620 litteris
849 1575 865 1618 ε
891 1563 928 1622 et
953 1575 998 1640 ει,
1034 1575 1149 1650 quum

12 1661 138 1744 lolim
155 1669 338 1771 legeretur
356 1693 471 1774 aeque
489 1696 532 1748 ao
547 1670 796 1744 scriberetur'
782 1697 833 1761 ις,
849 1661 981 1762 τύπτει,
998 1670 1042 1744 al.
1057 1670 1148 1773 (²²⁵).

47 1792 175 1887 Quare
205 1797 277 1866 iam
306 1793 393 1868 licet
425 1809 607 1869 revertere
638 1790 810 1886 adeam,
847 1819 965 1895 aqua
990 1794 1149 1896 profecti

46 1915 186 2009 sumni,
214 1921 444 2010 sententiam,
472 1934 634 1994 veterem
658 1921 719 1994 rix
738 1921 891 2021 reperiri
908 1918 1070 2020 linguam
1090 1919 1149 1996 vel

10 2041 16 2103 ἶ·
46 2038 256 2134 dialectum,
285 2045 325 2116 in
346 2067 419 2144 qua
440 2067 508 2145 per
533 2041 679 2144 longius
702 2046 879 2146 temporis
905 2046 1063 2146 spatium
1087 2035 1156 2148 lit-'⁴

9 2185 17 2226 t
45 2179 204 2238 teratura
235 2191 313 2240 non
344 2139 504 2240 assecuta
535 2169 583 2240 sit
609 2146 918 2270 pronuntiationis
942 2169 1148 2246 ubertatem

9 2279 14 2350 l
46 2304 83 2362 et
107 2289 359 2365 subtilitatem.
413 2289 533 2366 Simul
558 2287 647 2368 vero
673 2295 883 2394 apparuisse
909 2290 1035 2385 credo,
1071 2318 1147 2396 quo

8 2433 12 2476 ι’
45 2415 123 2487 iure
147 2414 187 2494 ,V
212 2417 356 2516 signum
379 2415 545 2506 Etrusci,
572 2413 754 2506 Umbrici‚
783 2412 872 2490 Osci
896 2415 1084 2518 alphabeti
1109 2421 1148 2492 in

8 2556 12 2650 p
47 2534 131 2611 loco
157 2559 236 2610 xrr.
264 2539 465 2638 posuerim.

497 2759 699 2770 -u-——n—

8 3000 160 3100 ΕΕ
198 2930 522 3146 murone
554 2996 700 3135 Quo
738 2981 1139 3105 usamenta

207 3279 210 3286 ,
336 3167 506 3272 surr
546 3166 859 3370 rucuma

531 3374 665 3398 υἷε

48 3474 306 3630 Posteaquam
327 3525 485 3628 singulas
505 3527 751 3624 recensuimus
771 3522 921 3616 litteras,
948 3549 1145 3628 earumque

48 3653 386 3752 pronuntiationem
407 3648 688 3751 exploravimus,
717 3650 789 3722 iam
807 3650 867 3722 cui
885 3633 1045 3753 tempori
1066 3666 1145 3726 tum

49 3774 186 3852 formae
218 3775 423 3850 litterarum
453 3788 533 3846 tum
561 3776 673 3877 ipsius
702 3771 847 3876 linguae
871 3777 964 3850 ratio
991 3778 1167 3848 maxime,

50 3903 286 3992 conveniant,
320 3893 580 4010 inquirentium
609 3913 733 3974 restat.
786 3898 992 4003 Apparebit
1024 3913 1145 3974 autem
1207 3907 1208 3912 ’

100 4178 180 4258 (224)
205 4171 282 4241 vite
294 4179 453 4242 Boeckb.
470 4185 534 4242 el.
547 4203 576 4262 p.
585 4180 647 4248 iti.

99 4281 179 4361 (aas)
205 4277 362 4366 Gregor.
379 4281 550 4348 Korintb.
568 4281 615 4346 ed.
633 4279 780 4346 sciret.
796 4293 897 4365 pant.
