2702 4980
668 337 873 460 'ss'

217 564 371 642 suadent
395 565 597 640 litterarum
622 565 763 640 formae
788 567 827 638 in
852 553 924 640 illis
949 569 1060 670 nra'gis
1080 563 1259 642 rotundae
1278 583 1314 642 et

217 695 397 781 sinuosae,
433 689 506 780 hoc
537 681 636 792 signa
660 691 685 764 i
712 703 802 785 et'zt
826 715 904 792 ,pro
930 690 958 772 i
983 706 1020 765 et
1041 691 1084 784 ἲ,
1115 688 1189 765 hoc
1215 687 1342 766 deni.

218 841 291 918 que
315 823 388 891 vox
413 815 582 906 ltuvtna,
612 817 770 915 quaein
796 813 930 889 tabuiis
955 814 986 888 Ι.
1012 831 1050 890 et
1075 815 1125 888 Π.
1157 841 1236 889 non
1262 818 1311 888 in-

215 943 377 1032 venitur,
417 941 604 1042 antiquior
636 911 826 1042 profecto,
867 951 978 1042 quam
1012 938 1125 1014 altera
1156 942 1311 1046 Itaor'na.

150 1081 152 1088 '
217 1069 287 1147 Wt
312 1067 474 1167 signum,
519 1061 620 1165 quod
659 1062 846 1138 Bonarota
883 1089 961 1138 non
998 1079 1097 1138 recte
1134 1061 1178 1143 ΓΠ
1217 1065 1313 1139 exhi-

101 1218 112 1230 ·
215 1191 280 1264 bet
297 1188 395 1288 (²⁶³),
430 1213 509 1261 non
533 1203 606 1262 tam
635 1185 680 1260 ad
713 1189 1000 1289 antiquissimam
1025 1187 1215 1264 Etruscam
1240 1188 1314 1263 ior-

216 1325 313 1408 mam
330 1307 380 1388 ’Μ
399 1310 459 1388 vel
476 1315 548 1402 W,
579 1337 689 1412 quam
713 1308 759 1384 ad
784 1308 918 1386 Oscam
943 1310 1052 1385 hrrius
1077 1311 1217 1387 litterae
1238 1311 1313 1386 for-

215 1439 312 1512 mam
328 1433 402 1508 -Wt
419 1431 592 1508 accedere
614 1431 771 1509 videtur.
817 1437 916 1510 Ante
939 1438 1098 1540 quintam
1123 1454 1245 1512 autem
1263 1453 1315 1509 ta-

215 1562 334 1636 butam
350 1559 643 1660 praemittendam
664 1559 762 1632 darni
782 1577 962 1663 quartam,
989 1569 1188 1664 propterea
1216 1558 1315 1664 quod

151 1743 155 1765 2
215 1686 323 1760 huius
342 1687 605 1786 argumentum,
623 1699 667 1758 ut
685 1681 780 1757 infra
799 1681 1014 1773 videbimus,
1040 1681 1314 1786 quodammodo

215 1805 482 1912 singulareest,
511 1804 676 1894 illius'ad
699 1823 837 1882 ceteras
859 1807 1011 1884 accedit.
1056 1811 1315 1914 Quintusque

214 1963 286 2040 que
302 1933 442 2028 tabulae
455 1933 624 2036 posticam
646 1935 843 2034 anteposui.
891 1929 996 2026 Quae
1023 1935 1121 2005 enim
1147 1935 1186 2007 in
1207 1961 1315 2036 quar·

214 2075 273 2133 tae
303 2056 451 2131 tabulae
481 2059 612 2148 antica,
647 2083 758 2159 quam
781 2052 1076 2160 postponendam
1102 2081 1180 2130 esse
1204 2083 1318 2158 supra

215 2180 388 2273 vidimus,
423 2183 647 2281 conspicitur
677 2183 916 2283 subscriptio,
950 2183 1101 2255 iteratur
1128 2182 1169 2252 in
1198 2184 1317 2254 antica

216 2311 364 2410 quintae
382 2302 541 2394 tabulae,
573 2327 685 2404 quare
704 2302 799 2374 hanc
820 2328 972 2403 quoque
990 2327 1117 2379 revera
1136 2307 1316 2406 posticam

216 2456 293 2505 esse
323 2433 520 2532 putamus(
559 2423 734 2529 Denique
759 2425 864 2530 ,quod
890 2425 942 2498 ad
962 2427 1000 2501 Ι.
1025 2443 1062 2498 et
1082 2429 1145 2501 II.
1180 2429 1316 2502 tabulas

216 2557 504 2657 Dampstenanas
533 2554 672 2650 attinet,
707 2549 891 2626 Passerius
923 2552 996 2624 iam
1025 2565 1126 2624 recte
1156 2554 1313 2642 monuit,

214 2679 407 2754 secandam
440 2676 734 2778 praemittendam
765 2681 914 2776 patinae.
971 2671 1200 2781 Pontremae⁴
1217 2678 1316 2748 enim

183 2863 186 2872 ,
213 2829 324 2880 voces
341 2799 488 2874 tabulae
505 2799 561 2872 II:
591 2800 759 2874 a‘iveita:
780 2797 943 2872 rnamek:
970 2815 1155 2873 etrama:
1180 2804 1316 2900 spanti:

216 2943 337 3000 ruva.-
361 2923 473 3026 tefra:
495 2922 710 3023 pruselrata:
734 2921 848 2998 e‘tet:
875 2923 996 2996 statim
1020 2923 1192 3024 profecto
1219 2927 1316 2998 exci-

201 3035 370 3154 'piuntur'
386 3049 513 3150 primis
538 3045 685 3120 tabulae
701 3046 734 3120 Ι.
762 3046 935 3148 vocibus:
962 3045 1129 3122 a‘iuet'ta:
1154 3048 1316 3122 thanet:

216 3178 432 3272 tertiama:
449 3174 583 3272 spinti:
604 3171 726 3245 tr'iia:
742 3169 1083 3274 affrae-prusciam:
1101 3171 1207 3248 e‘tet.
1237 3172 1316 3246 Iam

216 3303 326 3403 igitur
350 3295 449 3370 hunc
471 3293 647 3370 Umbriae
672 3297 889 3397 scriptarum
909 3292 1118 3398 tabidarum
1145 3289 1316 3368 ordinem
1340 3295 1341 3356 ἶ

217 3411 404 3499 consecuti
417 3446 540 3495 sumus
551 3447 571 3494 z·
585 3421 714 3492 tabJV.
723 3423 873 3520 pastt'ea,
887 3419 1020 3518 aqrtr‘aa,
1037 3419 1148 3518 tabJ'.
1163 3421 1313 3518 postica,

216 3545 347 3651 annea,
377 3549 516 3643 tath,
546 3547 616 3618 tab.
628 3561 669 3642 L,
699 3545 836 3617 aban.
863 3545 996 3638 anaba,
1021 3545 1184 3643 postica„

319 3673 526 3744 honarum
548 3669 746 3743 abdaram
759 3670 930 3769 posticam
949 3683 1077 3740 sextae
1096 3666 1236 3770 tabulae
1255 3695 1315 3739 an·

219 3791 449 3898 teponenilam
471 3819 548 3865 esse
568 3789 740 3885 vidimus,
768 3796 921 3866 aaa'aam
942 3791 1055 3895 sequi,
1084 3789 1177 3865 hana
1200 3792 1317 3890 arcipi
1339 3831 1340 3836 κ

216 3923 382 4022 septimpe
402 3913 542 3991 tabulae
560 3921 693 3990 antica.
735 3913 987 4006 Subiiciuntur
1008 3915 1054 4015 in¹
1068 3917 1234 4015 septimae
1250 3941 1312 4016 po·

217 4053 304 4119 so'ca
317 4044 427 4147 pauci
442 4067 585 4141 versas,
609 4043 673 4142 qui
692 4065 814 4143 neque
833 4035 997 4116 eiusdem
1013 4042 1215 4143 argumenti
1232 4051 1311 4114 sunt
1339 4129 1340 4198 1

191 4366 194 4384 ἡ
261 4291 348 4382 (²⁶³)
374 4287 662 4384 ttnernspnn
1164 4271 1255 4406 s
