2702 4980
204 539 311 639 igitur
327 561 411 609 cum
423 533 608 610 Bonarota
623 551 659 610 et
675 533 812 610 Lanzio
827 558 904 608 esse
918 535 1194 637 praemittendas
1208 532 1346 664 (²⁶⁰).
1345 493 1346 592 l

202 663 303 736 Inter
334 654 398 734 bas
430 685 519 738 vero
552 663 648 762 ipsas
673 675 746 734 tres
771 675 892 762 partes
918 657 1178 768 discernendae
1203 676 1299 751 sunt,
1345 667 1346 728 l

203 789 233 860 si
267 782 314 860 ad
352 801 538 860 externam
575 781 689 858 medo
727 784 883 858 formam
921 787 1084 887 respicis.
1138 771 1346 857 Tabulae

199 908 301 1014 apud
327 909 590 1011 Dempsterum
614 936 640 982 1.
663 923 700 982 et
719 936 760 982 ιι.
790 905 953 1015 eiusdem
977 934 1172 982 mensurae
1194 924 1304 1011 atque

204 1038 403 1138 scripturae
428 1059 504 1108 uno
530 1049 671 1111 tantum
697 1035 736 1106 in
761 1032 875 1106 latere
901 1036 1095 1136 inscriptae
1121 1033 1207 1106 sunt
1230 1059 1305 1104 am-

200 1162 286 1253 bae,
314 1161 524 1262 pariterque
543 1172 669 1259 quarta
687 1155 810 1230 tabula
830 1183 980 1258 prorsus
999 1154 1178 1258 adaequat
1196 1149 1346 1272 quin

173 1302 278 1359 tam
302 1282 399 1382 (²⁶²).
436 1281 599 1356 Priores
636 1278 728 1354 duae
754 1279 864 1381 longe
889 1295 1012 1356 tamen
1037 1265 1198 1356 minoresl
1220 1279 1346 1380 sunt}

204 1408 338 1482 alteris.
393 1394 593 1508 Singularis
618 1419 729 1478 restat
752 1407 879 1496 tertia,
909 1431 1002 1506 quae
1029 1403 1074 1478 ad
1101 1431 1307 1478 mensuram

204 1535 300 1606 inter
325 1545 462 1604 ceteras
488 1526 650 1604 medium
675 1545 778 1604 tenet
796 1544 963 1632 ,utroque
989 1529 1102 1604 latere
1116 1533 1306 1632 ¹inscripto

204 1656 333 1730 litteris
359 1671 486 1730 tamen
507 1680 551 1728 ex
576 1669 680 1756 parte
706 1647 866 1728 Latinis.
905 1655 971 1742 ¹Ex
999 1653 1055 1728 bis
1081 1656 1197 1728 tribus
1223 1681 1308 1757 par-

203 1781 302 1854 tibus
331 1786 573 1880 unaquaeque
598 1775 800 1852 litterarum
825 1775 1085 1852 Umbricarum
1110 1779 1308 1852 nonnullas

206 1904 353 1980 exhibet
379 1901 636 2005 discrepantias
663 1919 700 1976 et
725 1906 895 1976 maximas
920 1901 1068 2004 quidem
1087 1903 1212 1976 tabula
1235 1919 1308 1976 ter-

92 2112 93 2122 ,
123 2019 134 2123 ’,
204 2033 267 2119 tia,
298 2055 391 2130 quae
415 2026 476 2103 rel
500 2052 651 2130 prorsus
681 2053 818 2108 novum
845 2025 992 2100 exhibet
1014 2029 1158 2127 'signum
1184 2053 1220 2098 m
1248 2027 1310 2100 lit-

205 2169 305 2227 terae
330 2156 376 2243 Λ,
411 2149 512 2253 quod
541 2177 662 2254 neque
687 2155 727 2225 in
751 2152 903 2254 reliquis
928 2151 1129 2252 Eugubinis
1153 2149 1309 2241 tabulis,

205 2302 326 2379 neque
351 2275 431 2350 ullo
457 2276 530 2348 alio
557 2279 596 2348 in
616 2289 870 2367 monumento,
901 2271 1022 2376 quoad
1049 2277 1172 2365 sciam,
1201 2298 1310 2376 repe-

205 2405 308 2475 ritur.
349 2401 454 2476 Hanc
474 2425 563 2477 vero
586 2405 721 2474 tertiam
743 2401 898 2474 tabulam
921 2414 1095 2499 postremo
1115 2398 1190 2470 loco
1212 2401 1310 2472 inter
1330 2494 1332 2500 ¹

204 2527 374 2602 Etruscas
394 2525 590 2617 collocare,
615 2525 738 2599 nullus
753 2521 897 2600 dubito.
925 2521 1022 2596 Nam
1034 2538 1305 2624 praeterquam,
1345 2529 1346 2618 ᾗ

207 2649 309 2753 quod
334 2651 464 2726 litteris
491 2666 631 2725 exarata
660 2666 731 2741 est,
768 2631 1038 2725 venustioribus
1058 2645 1160 2746 (²⁶²),
1199 2673 1309 2748 quam

207 2769 365 2865 ceterae,
401 2787 473 2846 una
505 2777 545 2846 in
569 2799 610 2846 re
637 2770 812 2845 dialectus
839 2797 990 2874 quoque
1014 2796 1236 2874 magnopere
1265 2767 1308 2844 ad
1345 2781 1346 2876 q

205 2899 418 2970 Latinarum
436 2895 643 2968 tabularum
664 2892 1031 2970 dialectumaccedit.
1063 2893 1189 2988 Quum
1211 2897 1309 2968 enim
1345 2905 1346 2970 3

206 3048 314 3124 supra
339 3023 598 3112 notaverimus,
628 3017 825 3094 discrimen
847 3023 944 3094 inter
966 3022 1212 3122 antiquiorem
1236 3045 1305 3122 po·
1345 3007 1346 3022 ¹

207 3149 471 3247 sterioremque
493 3132 720 3219 Umbrorum
739 3143 935 3219 dialectum
954 3147 993 3218 in
1013 3171 1058 3219 eo
1077 3147 1309 3246 potissimum
1345 3141 1346 3194 l

207 3275 409 3300 .l..-—--—-

258 3359 337 3458 (260)
362 3357 520 3430 Lanzius
533 3362 641 3428 Saggao
654 3355 690 3416 T
699 3355 738 3414 Π.
731 3377 779 3436 ..p
773 3361 850 3423 691.
864 3353 1033 3434 suspicatur,
1047 3349 1142 3410 eidem
1156 3347 1220 3408 lere
1234 3357 1346 3416 tem

207 3462 275 3544 pori
293 3481 394 3523 omnes
414 3459 524 3520 tabulas
542 3440 733 3519 accensendas
754 3477 831 3534 esse,
852 3467 1024 3538 propterea,
1047 3453 1127 3533 quod
1147 3453 1346 3518 eorundem

208 3564 360 3625 hominum
378 3562 497 3624 nomina
516 3573 578 3622 turn
596 3561 627 3620 in
641 3559 799 3634 Umbricis,
820 3571 880 3619 tum
899 3557 929 3616 in
942 3555 1052 3618 Latinis
1065 3555 1249 3636 reperiantur
1266 3567 1307 3614 ta·

208 3665 293 3726 bulis.
319 3667 387 3724 Iloc
400 3685 471 3724 vero
485 3675 688 3747 argumentum
703 3661 817 3724 nullum
830 3681 903 3736 esse,
921 3659 1007 3740 infra,
1021 3659 1072 3720 ubi
1086 3657 1122 3718 de
1135 3669 1305 3742 argumento
1345 3681 1346 3728 ;

207 3765 423 3850 disputabimus,
438 3764 708 3827 demonstrabimus.
794 3791 799 3804 ι
1345 3743 1346 3828 l

175 3921 179 3942 ,
260 3870 338 3950 (261)
364 3869 458 3928 Pass.
471 3874 575 3928 Paral.
593 3875 692 3949 p.307.

194 3971 200 3984 ‘
258 3973 337 4054 (2⁶2)
363 3967 673 4042 Lanz.SaggsoT..1
690 3977 793 4049 p.:285
814 3973 926 4041 Pajono
946 3971 978 4022 di
994 3987 1050 4022 uno
1063 3981 1154 4024 stesso
1167 3981 1303 4024 carattere

208 4085 476 4149 Ia1.e11.presso
497 4077 668 4147 Dempstero
680 4076 720 4128 di
737 4077 812 4128 altro
829 4075 936 4126 diuerso
954 4075 986 4124 la
1003 4087 1049 4126 ιν.
1069 4091 1084 4126 e
1105 4089 1134 4128 r.
1173 4071 1225 4124 La
1244 4069 1346 4140 pio

208 4186 273 4237 aen
290 4185 427 4238 scritta
443 4183 458 4235 ὲ
475 4185 512 4236 la
524 4180 644 4250 111..ιί
658 4182 714 4233 nc'
726 4175 909 4232 curaturi
921 4173 1111 4238 Etruscas.
1128 4155 1346 4268 sim'poqhi
1345 4207 1346 4258 q

208 4285 382 4348 Mammiae·
392 4285 535 4351 seguono.
