2702 4980
643 359 778 446 ·88

203 550 508 654 linguisreperiri,
521 567 563 626 ut
574 554 613 624 in
626 549 972 654 septentrionalibus
985 548 1206 627 Germaniae
1216 548 1303 648 (²4⁴),
1338 609 1339 634 ,

203 702 272 750 nec
305 679 509 750 necessario
542 674 642 748 illam
675 678 906 750 coniunctam
936 674 1046 748 fuisse
1080 701 1177 746 curn
1198 673 1304 746 simili

203 800 391 874 Romanae
416 799 573 902 linguae.
613 797 687 872 Sed
714 798 759 873 ad
784 799 878 874 banc
905 801 1120 901 opinionem
1143 797 1304 871 refutari·
1338 873 1339 878 ,

204 923 289 998 dam
319 923 514 1016 sufficient,
550 939 657 1026 puto,
695 949 788 1026 quae
814 923 908 998 infra
936 923 1191 1025 compluribus
1219 921 1306 994 locis

204 1048 422 1152 exponenda
455 1065 562 1124 erunt
595 1047 641 1122 de
671 1074 802 1151 magno
834 1064 871 1122 et
897 1046 1091 1150 multiplici
1116 1029 1307 1120 ambarum
1338 1097 1339 1104 1

203 1174 408 1275 linguarum
433 1199 626 1248 consensu.
1338 1257 1339 1272 χ

303 1296 363 1370 De
384 1299 593 1372 Iotzbarwn
618 1296 825 1372 tabularum
851 1299 960 1398 signis
982 1321 1077 1398 quae
1098 1292 1309 1369 adnotanda
1338 1285 1339 1372 ᾗ

203 1418 385 1524 videntur,
414 1424 566 1494 nonita
592 1419 705 1493 multa
732 1436 828 1512 sunt,
859 1437 974 1522 quum
996 1423 1074 1522 ipsa
1093 1419 1229 1494 Latina
1248 1419 1307 1491 lit-

202 1559 360 1618 teratura
388 1541 473 1619 inde
501 1571 522 1618 a
546 1548 673 1648 primis
695 1546 923 1646 temporibus
937 1542 1030 1644 (²⁴⁵),
1061 1569 1104 1618 ea
1128 1571 1207 1646 quo
1232 1570 1307 1616 eam

203 1671 382 1757 novimus,
396 1673 559 1772 exiguam
570 1695 674 1772 passa
684 1672 731 1743 sit
740 1672 988 1758 mutationem,
1002 1694 1124 1771 neque
1135 1665 1308 1741 differant

204 1819 440 1896 magnopere,
463 1820 557 1896 quae
576 1795 644 1866 sub
664 1795 946 1894 imperatoribus
966 1809 1002 1866 et
1016 1819 1109 1894 quae
1122 1796 1161 1865 in
1173 1819 1307 1866 monu-

204 1921 334 1991 mentis
348 1915 565 2020 Scipionum
579 1919 772 2019 numisque
785 1916 846 1992 vel
860 1919 1118 2016 antiquissimis
1130 1915 1310 1990 Romanis

205 2055 345 2114 exarata
363 2039 475 2115 vides.
500 2041 661 2116 Litterae
680 2042 706 2133 l,
725 2069 775 2133 m,
794 2068 834 2142 p,
856 2067 878 2143 p
897 2037 997 2112 solae
1014 2037 1145 2140 paullo·
1157 2036 1310 2113 diverso

203 2159 316 2234 modo
332 2180 460 2264 postea
476 2165 739 2238 scribebantur.
765 2165 915 2237 Maximi
928 2188 1016 2239 vero
1033 2157 1102 2235 hac
1120 2165 1159 2234 in
1170 2187 1210 2234 re
1226 2187 1311 2233 mo-

204 2289 318 2360 menti
339 2302 423 2360 sunt
441 2289 697 2388 inscriptiones
718 2285 935 2389 Scipionum
956 2285 1190 2388 sepulcrales,
1216 2313 1308 2388 quas

205 2436 315 2511 quam
341 2413 604 2486 accuratissime
632 2407 830 2482 delineatas
857 2439 877 2484 a
902 2409 1055 2482 Franc.
1071 2408 1306 2483 Piranesio
1338 2397 1339 2412 ¹

203 2533 312 2610 Eun.
334 2531 414 2628 Qu.
430 2533 688 2608 Viscontius
706 2530 786 2634 (²⁴⁶)
811 2531 1025 2636 descripsit.¹
1044 2534 1101 2606 Ex
1127 2533 1183 2608 his
1212 2537 1302 2607 anti·

205 2661 397 2758 quissimae
410 2658 453 2732 L.
464 2657 630 2732 Cornelii
640 2656 824 2760 Scipionis
834 2657 983 2732 Barbati
997 2659 1113 2757 (cons.
1122 2685 1152 2732 a.
1161 2687 1196 2731 u.
1205 2647 1306 2754 456.)

205 2797 242 2856 et
261 2782 307 2856 L.
328 2781 495 2856 Cornelii
516 2781 700 2884 Scipionis
724 2781 792 2854 filii
815 2781 964 2855 Barbati
989 2785 1103 2882 (cons.
1117 2810 1192 2856 a.u.
1207 2786 1305 2881 494.)

205 2931 224 2978 a
245 2909 393 2998 ceteris,
424 2908 738 3008 quarumtprimae
764 2908 857 2979 circa
884 2932 917 2979 a.
935 2911 1008 2980 580
1032 2907 1093 2983 vel
1118 2910 1191 2980 600
1220 2909 1303 2982 scri·

203 3043 288 3131 ptae
314 3046 411 3122 sunt,
441 3029 612 3104 nonnihil
637 3027 814 3104 differunt
838 3046 918 3104 tum
943 3029 1044 3133 quod
1065 3029 1110 3106 ad
1130 3031 1302 3133 linguam,

204 3169 283 3228 tum
310 3151 411 3256 quod
438 3151 483 3229 ad
510 3154 713 3228 litterarum
737 3154 873 3229 formas
900 3159 1040 3230 attinet.
1089 3161 1123 3235 Μ
1148 3159 1303 3256 signum,

206 3277 309 3383 quod
328 3295 456 3382 postea
477 3283 511 3354 Μ
533 3281 771 3372 scribebatur,
801 3277 1081 3382 adSeptimum·
1094 3303 1210 3380 usque
1228 3303 1305 3350 sae-

206 3403 329 3478 culum
349 3403 461 3478 Urbis
487 3407 526 3478 in
550 3431 620 3477 usu
646 3402 728 3495 fuit,
760 3431 874 3506 quum
899 3407 938 3477 in
964 3403 1135 3476 omnibus
1161 3400 1303 3505 Scipio·

207 3571 407 3585 ..-

256 3663 336 3742 (244)
361 3665 438 3726 Vide
456 3665 604 3729 Grimm.
621 3671 672 3728 Gr.
685 3669 709 3728 I.
723 3690 752 3749 p.
762 3673 806 3732 65.
823 3679 885 3730 121.
903 3673 963 3733 167.
977 3680 1039 3732 305.

256 3766 334 3848 (aas)
361 3767 436 3828 vide
453 3769 579 3830 Muelt.
592 3775 659 3832 Etr.
673 3771 713 3832 11.
731 3783 845 3851 porr„

257 3869 337 3948 (aaa)
362 3875 542 3942 nommant
557 3863 634 3943 aegra
650 3878 778 3946 senaar·
789 3879 931 3947 patinara
945 3879 997 3929 aar
1012 3875 1077 3930 oar.
1096 3875 1203 3931 nanc.
1217 3849 1300 3929 Pia·

135 3987 140 3994 ’
205 3979 275 4032 nesi.
295 3979 380 4034 Rom.
395 3981 474 4038 1785.
495 3973 548 4036 tol.
580 3973 759 4036 subiunctas
777 3986 844 4034 sunt
863 3975 960 4038 denuo
979 3972 1034 4032 bac
1054 3971 1169 4034 tabulae
1189 3973 1227 4050 ei,
1246 3991 1298 4052 quo

205 4083 274 4134 utor
286 4073 377 4136 libro:
394 4080 516 4136 Oeuvres
533 4084 653 4136 diverses
666 4083 823 4136 Itolrbnner
837 4093 865 4135 et
881 4080 1051 4162 Franpoiser
1068 4081 1217 4137 d'Ennius
1234 4079 1299 4153 Qni-

206 4180 286 4234 rinus
302 4183 438 4248 Viscorati,
451 4187 594 4240 recuelliee
607 4195 635 4240 et
643 4187 769 4273 publilss
778 4201 838 4255 par
849 4187 875 4239 lc
883 4181 1012 4238 Dorteur
1023 4181 1104 4238 Jean
1113 4181 1219 4238 labris.
1238 4177 1271 4236 T.
1277 4173 1297 4232 l·

205 4280 307 4338 Mean.
323 4287 402 4344 1827.
1338 4277 1339 4284 ἵ
