2694 4978
574 381 718 474 41'

52 589 97 662 In
127 555 202 661 hoc
234 601 353 660 autem
378 607 474 657 anno
501 579 749 653 Muellerus
767 577 835 677 (⁸⁵)
862 563 1152 653 foederationem

52 681 281 785 Umbromm
311 733 394 782 cum
418 705 593 794 Romanis
623 705 759 804 posuit.
814 699 1024 776 Nonnullos
1053 681 1187 794 certes*

53 835 229 910 Umbriae
254 832 416 935 populos
441 833 550 907 etiam
575 831 675 929 prius
694 854 778 899 cum
796 823 971 900 Romanis
999 831 1151 900 coniun-

55 958 262 1056 ctospfuisse
283 959 427 1045 scimus,
459 978 479 1027 e
502 954 634 1054 quibus
661 952 863 1025 Ocriculani
886 953 958 1024 iam
978 975 1010 1024 a.
1023 978 1061 1024 u.
1080 955 1152 1025 447

54 1085 253 1186 sponsione
279 1083 319 1154 in
342 1079 535 1152 amicitiam
565 1077 706 1178 accepti
731 1091 815 1149 sunt
833 1073 914 1174 (⁸⁶),
943 1077 1154 1179 Nequinum

54 1235 85 1280 a.
98 1210 171 1279 453
197 1209 238 1278 in
265 1201 489 1277 deditionem
512 1199 765 1274 Romanorum
789 1203 909 1292 venit,
942 1224 1062 1302 eoque
1090 1225 1152 1272 co-

53 1311 153 1404 lonia
177 1326 384 1422 „adversus
402 1325 566 1401 Umbros
574 1322 594 1352 ’⁹
613 1327 718 1398 missa
745 1339 812 1416 est,
840 1350 861 1397 a
885 1323 1036 1398 flumine
1062 1323 1153 1400 Nar·

53 1459 112 1528 nia
145 1451 328 1556 appellata
348 1451 427 1552 (⁸⁷).
477 1454 673 1540 Camertes,
709 1474 866 1550 quorum
891 1474 1049 1551 aequum
1075 1449 1153 1524 foe-

53 1576 123 1651 dus
138 1578 205 1674 (⁸⁸)
225 1603 309 1650 cum
326 1574 503 1648 Romanis
529 1597 561 1644 a.
574 1574 645 1644 547
672 1587 909 1663 memoratur,
937 1577 1009 1646 iam
1035 1599 1068 1647 a.
1082 1579 1154 1648 443
1271 1568 1273 1572 ’

54 1703 293 1774 amicissimos
325 1697 367 1770 iis
399 1697 527 1787 fuisse,
564 1709 716 1797 apparet
745 1720 789 1769 ex
820 1698 1026 1769 narratione
1058 1697 1155 1800 apud

54 1825 204 1900 Livium
235 1822 385 1923 (lib.1x.
410 1822 557 1920 c.36.),
593 1819 679 1894 licet
704 1844 736 1892 a.
762 1821 834 1892 485
872 1817 1107 1908 Camerinum
1136 1849 1186 1896 a·
1261 1829 1262 1838 ’

9 1935 10 1970 ¹
54 1947 232 2022 Romanis
246 1961 393 2048 captum
410 1948 456 2019 sit
466 1943 546 2045 (⁸⁹).
583 1942 676 2018 Inde
693 1941 887 2024 verisimile
902 1941 959 2035 fit,
986 1949 1156 2048 aquinto
1211 1927 1215 1936 l

55 2072 134 2147 fere
154 2068 431 2178 Urbissaeculo
451 2072 627 2144 maiorem
650 2049 781 2142 factam
811 2093 887 2142 esse
904 2066 1157 2144 Romanorum

8 2197 17 2260 χ’
56 2200 96 2269 in
115 2187 267 2269 Umbris
286 2196 503 2297 potentiam.
547 2189 670 2286 Quare
690 2191 795 2266 nullo
820 2208 944 2295 pacm,
974 2221 1067 2296 quae
1085 2195 1156 2270 La·
1207 2229 1210 2242 v

7 2377 9 2396 ,
56 2323 134 2394 tine
166 2323 298 2423 scripta
324 2317 551 2392 Umbrorum
576 2297 813 2391 monumenta
839 2321 1084 2420 reperiuntur,
1117 2337 1160 2394 ut
1194 2319 1196 2326 ’

59 2470 103 2518 ex
119 2449 254 2519 nostris
270 2442 404 2518 tabulis
423 2441 528 2531 duae,
549 2444 804 2540 inscriptiones
819 2441 957 2514 Falisca
976 2459 1012 2516 et
1028 2441 1157 2518 Assisi-

58 2595 137 2660 nas,
159 2565 367 2667 complures
386 2561 544 2663 denique
562 2565 664 2634 numi
682 2561 788 2634 altius
805 2567 937 2663 reponi
951 2584 1118 2665 possunt.

162 2692 283 2766 Numi
311 2703 431 2762 autem
465 2687 698 2787 reperiuntur
729 2675 976 2785 Igusvs'rsorum,
1019 2691 1158 2762 Tuder.
1225 2675 1227 2680 ’

60 2821 164 2912 niem,
199 2815 417 2892 Camertium
435 2811 517 2911 (⁹⁰),
552 2811 843 2910 Arsininensium,
863 2813 1156 2920 'Pisourenssum

205 3497 243 3560 cf.
256 3497 422 3560 Freinsh.
436 3503 536 3574 Suppl.
550 3495 602 3559 lib.
609 3498 646 3557 V.
660 3517 690 3557 n.
698 3511 749 3556 111.

112 3602 177 3682 (⁹⁰)
202 3599 257 3661 His
276 3598 354 3660 enim
371 3599 520 3662 tribuendi
534 3599 694 3660 nomicum
706 3596 896 3681 inscriptione
911 3589 973 3667 ΚΗ
987 3598 1035 3663 vel
1050 3590 1162 3680 ΚΑΜ,

65 3703 115 3784 qui
128 3703 163 3764 ab
175 3703 238 3764 aliis
252 3700 353 3764 Clusio
365 3699 544 3764 tribuuntur.
579 3699 696 3762 Camars
714 3699 792 3763 enim
810 3700 981 3764 Umbricum
1003 3702 1163 3766 Clusiino-

65 3825 136 3866 men
154 3805 219 3883 iuis,
238 3818 268 3867 et
286 3824 324 3866 ue
341 3802 395 3864 illo
408 3803 525 3885 quidem
537 3805 681 3884 tempore,
699 3803 737 3864 de
756 3825 815 3886 quo
833 3804 910 3868 Lis.
922 3805 961 3883 Χ,
974 3817 1020 3870 25.
1034 3823 1163 3867 comme·

67 3919 173 3985 morat,
192 3907 223 3968 in
242 3931 296 3970 usu
314 3905 402 3968 fuisse
421 3917 527 3989 potest.
560 3904 661 3980 Quum
674 3905 824 3988 Tyrrheni
836 3906 987 3991 erigerent
1001 3928 1035 3968 ex
1047 3906 1104 3969 illis
1117 3924 1164 3966 se-

68 4007 153 4071 dibus
173 4009 316 4087 Umbros,
340 4021 402 4070 tum
428 4009 487 4070 hoc
506 4028 615 4069 nomen
634 4009 673 4070 ‘ad
692 4006 833 4070 Umbriae
851 4007 954 4070 urbem
977 4008 1163 4069 Camerinum

67 4111 236 4174 translatum
248 4110 372 4172 videtur.
397 4110 514 4174 Etrusci
526 4131 599 4173 vero
611 4131 691 4173 suam
702 4111 806 4172 urbem
817 4130 933 4191 semper
944 4109 1081 4194 prolecto
1091 4107 1163 4171 Clu-

67 4213 141 4276 sium
153 4209 348 4297 appellabant,
367 4235 481 4296 quamn
498 4213 687 4297 Tyrrheni
706 4212 793 4275 silio
812 4211 944 4274 Clusio
961 4210 1058 4276 selah
1071 4212 1164 4274 Ulixis

69 4315 249 4380 Telemacho
268 4314 412 4378 conditam
432 4316 524 4379 refert
547 4316 646 4378 Serv.
665 4318 739 4378 Aen.
752 4317 791 4394 X,
806 4301 866 4381 167'.
904 4315 943 4376 Et
961 4316 1012 4396 qui
1029 4315 1093 4378 fieri
1111 4336 1164 4397 po-
