2694 4978
715 371 770 456 to

193 567 262 639 liae
289 579 308 637 a
338 565 521 652 veteribus
552 561 705 654 dicitur,
741 566 954 664 paucissima
988 579 1130 638 tantum
1162 554 1292 639 tradita

193 688 238 763 ad
256 704 417 762 nostram
440 704 592 762 aetatem
612 701 871 790 pervenerunt,
900 703 1010 790 atque
1036 685 1128 762 haec
1151 693 1291 792 paucist

192 817 283 888 sima
300 837 346 916 ne
366 815 459 888 iusta
479 811 628 913 quidem
653 839 737 884 cum
763 809 948 913 diligentia
974 811 1165 914 hucusque
1191 839 1295 887 com·

192 939 312 1040 posita
343 935 572 1037 similemque
604 935 681 1008 aliis
706 934 832 1009 Italiae
864 935 1011 1039 populis
1039 940 1297 1011 tractationem

193 1077 235 1134 ut
252 1075 530 1162 assequerentur
550 1057 657 1162 digna
675 1059 798 1134 habita
818 1075 915 1134 sunt.
957 1061 1033 1163 Ipsi
1050 1063 1169 1162 igitur,
1198 1085 1298 1163 quae

195 1211 238 1258 ex
270 1186 379 1258 rebus
403 1182 589 1256 Umbricis
620 1181 666 1256 ad
696 1199 861 1257 nostrum
885 1182 999 1258 finem
1024 1183 1141 1258 facere
1163 1183 1298 1261 viden-

193 1324 266 1398 tur,
294 1306 354 1380 hic
378 1308 483 1382 brevi
508 1307 733 1408 colligamus.

294 1429 341 1502 A.
351 1457 389 1503 u.
402 1431 473 1505 307
493 1457 621 1505 omnes
633 1430 861 1506 Umbrorum
878 1430 1039 1535 populos
1055 1429 1200 1507 deditos
1216 1457 1298 1506 esse

192 1569 279 1658 post
308 1553 451 1628 bellum
483 1553 659 1630 Romanis
695 1559 844 1630 minime
883 1553 1149 1660 spernendum,
1186 1551 1301 1630 tradit

194 1679 320 1756 Livius
338 1679 419 1780 (⁸³).
467 1672 540 1755 Sed
562 1685 725 1784 quinque
751 1698 892 1756 tantum
917 1685 1020 1792 annis
1042 1679 1300 1785 praeterlapsis

196 1820 235 1904 et
250 1792 513 1906 saepenumero
533 1801 706 1904 deinceps
725 1804 901 1877 Romanis
921 1803 1044 1878 denuo
1066 1805 1206 1878 bellum
1227 1804 1302 1877 fuit

195 1957 279 2002 cum
296 1928 446 2000 Umbris
466 1923 677 2028 gerendum.
723 1925 818 1998 A.u.
837 1931 908 2016 483
935 1925 1077 1997 bellum
1102 1953 1186 1998 cum
1211 1927 1301 2002 Sar-

195 2049 369 2125 sinatibus
388 2049 539 2124 Umbris
560 2047 702 2123 Romae
726 2048 850 2139 fuisse,
877 2045 1054 2150 Polybius
1074 2045 1154 2145 (²³²⁴),
1184 2063 1221 2121 et
1240 2049 1300 2122 D.

194 2173 341 2246 Iunium
357 2169 488 2244 Pcram
508 2172 697 2244 consulem
716 2170 761 2243 de
779 2175 822 2244 iis
839 2169 1079 2274 triumphasse
1096 2169 1194 2244 Fasti
1211 2169 1303 2243 Tri-

194 2293 384 2399 umphales
406 2293 592 2402 referunt.
647 2293 695 2367 A.
712 2293 785 2367 487
812 2294 974 2369 Umbros
1007 2311 1044 2368 et
1073 2291 1304 2369 Sallentinos

195 2424 310 2496 victos
330 2433 367 2495 et
389 2421 428 2493 in
454 2413 681 2504 deditionem
706 2435 876 2522 acceptos
903 2445 980 2493 esse
1000 2419 1096 2496 Livii
1119 2419 1205 2492 libri
1230 2447 1298 2494 xv.

197 2548 358 2649 epitome
390 2542 579 2635 docemur,
611 2559 648 2617 et
672 2541 723 2617 D.
751 2542 1063 2618 Iunium‹a.d.V.
1082 2543 1167 2617 Kal.
1190 2541 1297 2635 Oct„

186 2670 309 2754 Num.
329 2670 482 2743 Fabium
501 2664 582 2740 a.d.
597 2667 666 2741 ΙΠ.
683 2667 783 2741 Non.
808 2665 972 2742 eiusdem
990 2670 1123 2740 mensis
1145 2665 1191 2741 de
1211 2666 1298 2742 Sar-

198 2795 385 2882 sinatibus,
417 2787 550 2886 deinde
577 2791 704 2862 ambos
730 2787 777 2863 de
803 2789 1013 2864 Sallentinis
1038 2790 1297 2892 triumphasse,

68 2957 72 2970 =
197 2916 311 2990 Fastis
336 2911 576 3018 Capitolinis;
609 2915 648 2986 in
679 2915 824 3016 quibus.
841 2939 956 3016 quum
980 2911 1103 2986 nullus
1131 2911 1177 2987 de
1203 2912 1297 2988 Um·

198 3043 273 3114 bris
303 3040 480 3115 universis
508 3053 815 3113 commemoretur
843 3037 1062 3140 triumphus,
1096 3035 1195 3110 haud
1221 3043 1297 3111 scio

198 3191 245 3239 an
278 3160 380 3266 quod
412 3169 451 3238 in
476 3163 572 3238 Livii
604 3167 764 3265 epitome
795 3160 841 3237 de
867 3160 1018 3236 Umbris
1041 3137 1215 3254 refertur,
1251 3159 1297 3235 dc

200 3288 442 3384 Sarsinatibus
462 3285 549 3361 solis
569 3284 845 3394 intelligendum
865 3288 923 3359 sit.
966 3285 1020 3373 ¹At
1045 3289 1185 3360 etiamsi
1209 3313 1295 3360 con-

172 3425 173 3432 ’
199 3412 257 3488 sul
282 3411 329 3487 de
352 3411 504 3488 Umbris
529 3410 799 3514 triumphasset,
827 3409 1066 3484 nihil-tamen
1093 3408 1139 3485 de
1164 3436 1295 3514 perpe-

199 3555 261 3612 tua
281 3534 367 3612 inde
386 3539 433 3610 ab
454 3536 528 3612 hoc
547 3553 715 3638 tempore
741 3533 930 3610 deditione
952 3533 1131 3610 affirmare
1155 3535 1295 3610 liceret.

200 3787 270 3851 sima
287 3785 388 3848 Italiae
407 3786 592 3849 existimatur.
627 3793 714 3848 lbet:
732 3783 880 3848 Ameriam
899 3785 1117 3869 suprascriptam
1137 3785 1213 3850 Cato
1232 3794 1297 3848 ante

200 3891 304 3974 Persei
316 3887 427 3964 bellum
440 3889 587 3952 conditam
595 3889 676 3952 annis
683 3890 738 3958 964
747 3889 886 3972 prodidit.
904 3889 943 3951 cl.
956 3887 1061 3950 Nieh.
1071 3887 1157 3950 ER.
1164 3891 1190 3969 1,
1199 3911 1228 3974 p.
1238 3869 1297 3952 131.

251 3993 314 4072 (83)
339 3990 561 4054 Lib.1x.c.tr.
685 3993 688 4000 “
992 4071 995 4080 .
1178 4067 1183 4080 .

250 4095 313 4174 (tl)
337 4093 454 4172 Libii,
468 4115 494 4156 c.
503 4100 546 4155 16.
572 4093 680 4155 Mirum
692 4105 799 4170 autem,
817 4092 897 4174 quod
909 4091 987 4153 idem
1000 4093 1107 4177 Polyb.
1121 4093 1207 4156 lini.
1222 4095 1298 4156 nal.

108 4217 114 4232 ⁸
154 4215 156 4222 ·
201 4195 350 4269 scribittoi
362 4185 393 4254 di
407 4191 454 4254 riv
466 4185 621 4255 'Arrivvwov
632 4197 825 4260 κατοικοῦντες
833 4183 967 4280 ’ὓμβριοι
979 4186 1039 4255 uoci
1052 4187 1220 4282 Σαρσινᾶτοι
1235 4219 1299 4254 ror»

166 4349 169 4356 .
201 4287 347 4380 ἦχὲζησαν
361 4296 400 4360 εἷς
413 4287 584 4382 δυςμυρῖους.
