2702 4980
729 340 785 426 52

209 559 330 638 neque
356 533 420 625 ud,
454 557 576 634 neque
602 557 662 605 um
685 530 853 636 -syllabae
878 530 1131 607 Romanorum
1157 557 1306 635 prorsus

209 656 412 760 adaequare
436 671 650 760 potuerunt,
679 658 852 758 quoniam
876 653 971 732 Osca
995 656 1059 732 illa
1083 656 1204 732 littera
1230 656 1304 732 fere

85 907 87 912 '
208 919 292 979 quam
304 896 409 958 urbem
422 897 476 960 illo
488 897 607 958 nomine
618 897 772 984 significari
784 911 874 982 putat
905 901 941 962 In
953 920 1044 962 numo
1057 899 1184 982 deniqne
1199 920 1217 962 a
1233 900 1305 962 Ma-

207 1023 248 1062 uo
257 999 341 1060 chio
358 1001 462 1077 (Taso.
475 1005 591 1062 Harant.
605 1023 634 1082 p.
643 1002 706 1063 55d.
720 1023 749 1062 n.
758 1002 818 1080 xl.)
832 1001 979 1078 exhibito,
998 1003 1103 1064 Lana.
1119 1003 1178 1082 (ll.
1191 1025 1221 1084 p.
1229 1003 1306 1080 606.)

207 1101 280 1186 legit
294 1087 467 1172 2003&
485 1102 696 1164 Mazochius
713 1116 809 1165 autem
822 1105 883 1186 ipse
897 1107 940 1186 (p.
949 1117 1011 1167 550.
1025 1104 1081 1166 col.
1089 1105 1127 1184 1.)
1140 1103 1307 1166 rectius'le-

206 1215 290 1290 gerat
317 1191 503 1270 ΝΟΙἨΒ.
542 1205 617 1266 Item
644 1205 831 1267 Sestinius
857 1213 967 1286 (Clara.
991 1212 1062 1268 Gen.
1082 1205 1140 1268 tab.
1153 1223 1189 1268 11.
1204 1229 1236 1268 n.
1246 1207 1308 1285 66.)

152 1343 158 1356 x
207 1292 377 1371 30D3‘l
393 1303 465 1366 salso
479 1305 618 1367 exhihere
631 1307 755 1368 videtur.
770 1307 854 1369 Certi
866 1307 957 1392 igitur
971 1321 1081 1371 restant
1091 1319 1201 1370 tantum
1212 1309 1309 1386 nomi,

207 1429 332 1487 quorum
343 1407 461 1469 nomina
473 1407 505 1468 in
517 1405 599 1479 OV-
613 1407 660 1471 vel
674 1402 761 1473 -OD
771 1409 914 1472 desinunt.
929 1409 992 1485 Qui
1004 1433 1093 1492 quum
1102 1431 1203 1473 omnes
1215 1411 1310 1493 perti-

207 1521 295 1570 neant
307 1509 344 1570 ad
356 1508 455 1584 urbes,
476 1489 592 1590 quaein
606 1510 705 1595 lingna
717 1511 819 1573 Latina
831 1513 1035 1576 terminatione
1048 1513 1079 1574 in
1092 1538 1163 1573 -um
1175 1525 1311 1588 utuntur,

206 1611 263 1672 iam
283 1611 351 1671 inde
370 1611 525 1693 probabile
543 1613 585 1690 fit,
605 1613 767 1675 neutralem
786 1615 866 1676 illam
887 1636 948 1678 esse
963 1615 1312 1679 Oscorum'terminatio-

206 1733 286 1774 nem.
310 1713 394 1774 Idem
407 1735 479 1776 vero
492 1716 614 1778 suadent
627 1717 745 1778 nomina
757 1718 888 1780 neutrius
900 1719 1030 1803 generis:
1049 1725 1137 1778 Rbnr
1149 1731 1180 1780 et
1191 1721 1311 1794 Anxur,

207 1813 342 1896 equibus
354 1819 462 1876 Anxur
481 1815 588 1878 Oscam
607 1837 669 1878 esse
687 1817 911 1896 adpellationem
931 1820 1038 1882 diserte
1057 1821 1145 1884 tradit
1161 1819 1311 1881 Plinius

206 1917 237 1978 iu
250 1923 289 1978 H.
301 1924 337 1978 Ν.
350 1919 408 1995 ΠΙ,
422 1931 450 1996 5,
469 1917 513 1980 bis
531 1917 643 1982 verbis:
664 1916 771 1994 „Dein
788 1918 899 1978 flumen
915 1919 1020 1995 Ufens,
1039 1943 1125 2000 supra
1138 1923 1217 2000 quod
1232 1923 1313 1996 Ter-

206 2019 304 2080 racina
324 2019 474 2102 oppidum,
494 2029 596 2094 lingua
616 2025 783 2079 Volscorum
795 2020 902 2076 Anxur
919 2017 1046 2078 dictum”
1064 2019 1116 2098 (cf.
1130 2021 1155 2078 F
1161 2033 1225 2080 est.
1241 2045 1266 2082 s.
1285 2045 1315 2083 v.

206 2119 335 2202 Anxur).
367 2123 493 2184 Romani
512 2126 589 2184 enim
607 2121 769 2204 ambiguam
785 2118 864 2178 illam
879 2117 1023 2180 Oscorum
1036 2119 1161 2180 litteram
1175 2120 1201 2190 fl
1216 2124 1317 2185 modo

207 2249 232 2302 r,
253 2224 343 2286 modo
361 2233 396 2303 d,
416 2225 505 2285 modo
524 2233 537 2281 l
553 2219 792 2302 pronuntiabant,
805 2242 831 2278 ¹r
847 2219 879 2279 in
896 2222 1012 2290 Anxur,
1041 2228 1137 2290 Tr'brn,
1166 2227 1315 2284 Larinum

190 2327 277 2408 t(nisi
297 2327 377 2410 quod
394 2327 425 2386 in
442 2344 515 2388 voce
533 2327 674 2380 nannum
693 2319 928 2383 terminationem
943 2325 1219 2404 commutaverunt),
1239 2334 1261 2382 d
1281 2328 1314 2386 in

207 2437 338 2508 meddin,
357 2434 529 2499 Sidicinum,
549 2431 562 2480 l
572 2421 604 2479 in
616 2425 783 2498 Aquilonia.
815 2424 875 2505 lpsi
892 2437 990 2486 tamen
1010 2425 1082 2487 Osci
1099 2425 1183 2488 illum
1201 2448 1312 2488 sonum

207 2532 297 2624 magis
315 2531 456 2594 accedere
473 2535 648 2607 putaverunt
666 2524 703 2586 ad
722 2525 924 2588 Romanorum
941 2537 971 2605 d,
992 2551 1082 2608 quum
1100 2530 1135 2590 iis
1153 2530 1184 2590 in
1200 2550 1311 2590 monu-

208 2635 312 2698 mentis
327 2633 419 2706 Oscis,
439 2647 511 2708 quae
528 2624 629 2686 Latina
642 2639 764 2688 utuntur
776 2628 947 2705 litteratura,
968 2641 1135 2691 constanter
1150 2625 1178 2694 D
1192 2631 1309 2714 signum

207 2719 1308 2820 ,mermueootsnnsnvsnsauotuvo,nomon).

210 2840 318 2899 caveas
336 2834 440 2916 igitur,
466 2850 504 2889 ne
523 2829 554 2888 in
573 2829 694 2889 vocibus
719 2821 938 2908 [ΑΟΙΝΟΟ,
966 2826 1307 2912 ΒΕΝΕνΕΝΤΟΙ),

208 2928 352 3002 ΥΟΙΝΑ
365 2930 503 3014 (llyrium
517 2929 655 3012 Apuliae)
671 2925 699 2994 D
712 2931 858 3012 peculiare
873 2933 1017 3014 quoddam
1028 2933 1143 3019 signum
1156 2935 1306 2998 Romanae

206 3063 223 3100 r
239 3037 353 3100 litterae
372 3033 482 3094 iudices
501 3045 532 3094 et
549 3054 610 3092 non
631 3033 767 3118 legendas
780 3053 827 3096 eas
838 3045 937 3118 putes:
955 3041 1096 3106 Minoa,
1114 3041 1306 3104 Beneventani,

212 3144 313 3198 rana.
346 3135 468 3220 Signum
488 3134 565 3196 enim
582 3128 610 3198 O
624 3157 762 3216 nusquam
779 3135 951 3222 significavit
968 3137 1094 3200 litteram
1108 3139 1250 3216 caninam,
1269 3159 1306 3200 ne

206 3241 238 3300 in
255 3239 360 3323 Magna
374 3236 499 3298 Graecia
518 3236 649 3318 quidem;
668 3239 718 3298 sed
736 3238 767 3298 in
780 3237 913 3317 Etrusca,
932 3239 1083 3320 Umbrica,
1104 3241 1181 3304 Osca
1194 3241 1306 3303 littera-

206 3354 271 3404 tura
285 3361 457 3404 conversum
470 3339 583 3424 signum
597 3337 626 3406 (l
640 3338 688 3401 vel
703 3327 740 3417 q,
753 3339 784 3399 in
798 3339 913 3402 Graeca
927 3330 951 3405 ‘l
966 3341 1014 3403 vel
1028 3341 1066 3420 fl,
1085 3342 1116 3403 in
1128 3343 1229 3404 Latina
1244 3356 1304 3404 tum

205 3445 423 3520 Romanorum,
443 3455 505 3503 tum
524 3441 723 3520 Umbrorum,
749 3453 811 3503 tum
833 3441 979 3504 Oscorum
1000 3444 1048 3523 (nt
1065 3445 1173 3506 docent
1190 3443 1305 3506 tabulae

206 3546 337 3622 Brutiae,
350 3544 528 3606 Velitrarum
544 3556 573 3605 et
586 3543 681 3622 numi)
693 3555 804 3604 tantum
817 3543 861 3612 fl.
879 3579 918 3592 -
938 3543 1019 3620 Quid
1033 3547 1149 3610 autem?
1166 3548 1245 3628 quod
1259 3570 1305 3608 su-

181 3640 185 3660 *
207 3645 360 3732 apicamnr,
381 3667 498 3706 omnem
515 3646 676 3708 neutralem
687 3645 923 3709 terminationem
941 3647 972 3708 in
990 3674 1058 3708 -nm
1078 3647 1172 3712 Oscae
1189 3647 1305 3734 linguae

208 3746 428 3810 abiudicandam
441 3767 511 3808 esse.

311 3847 379 3923 Qua
397 3848 434 3908 de
452 3869 485 3909 re
504 3859 538 3908 ut
555 3847 656 3910 iustius
673 3849 813 3932 possimus
831 3850 971 3930 iudicare,
991 3850 1106 3936 longius
1118 3851 1175 3914 iam
1188 3864 1305 3936 oportet

208 3951 357 4014 recedere.
385 3948 486 4025 Quum
507 3950 584 4012 enim
600 3973 654 4033 per
667 3973 768 4015 omnes
780 3953 892 4040 linguas
902 3953 1020 4016 Indicae
1032 3953 1128 4038 stirpis
1139 3955 1233 4038 prima
1245 3969 1304 4018 ter-

180 4073 182 4080 ’
209 4053 328 4116 minatio
348 4053 465 4139 generis
487 4053 618 4116 neutrius
644 4054 740 4116 littera
760 4054 894 4140 lingualis
915 4055 1022 4134 suerit,
1046 4055 1189 4142 integram
1209 4071 1305 4120 umen

208 4155 269 4216 sola
287 4156 413 4218 servavit
425 4154 600 4218 Germanica
618 4155 717 4242 lingua
735 4157 766 4216 in
780 4157 929 4220 adiectivis
943 4171 973 4220 et
984 4159 1207 4241 pronominibus
1225 4161 1305 4240 (vide

210 4254 357 4318 Grimm.
376 4263 426 4319 Gr.
438 4259 462 4318 1.
479 4281 511 4339 p.
525 4257 620 4337 soe),
642 4257 811 4323 Gothorum
831 4271 937 4324 neutro
957 4260 989 4322 in
1007 4279 1097 4342 -ata,
1122 4261 1305 4344 sequentium
