2694 4978
119 1228 122 1234 ’
229 1201 537 1336 HISTORIA
576 1201 992 1352 TABULARUM.

532 1437 685 1452 ffl——nn

535 1453 684 1464 *ua—-

56 1601 204 1750 Quum
242 1646 448 1724 studiorum
485 1614 776 1724 academicorum
812 1652 984 1726 varietate
1019 1665 1057 1724 et
1084 1648 1164 1726 Viri

55 1798 201 1846 summe
213 1771 422 1848 Venerandi
441 1789 519 1848 tum
539 1776 683 1874 egregio
704 1772 889 1876 exemplo,
912 1789 992 1846 tum
1007 1774 1160 1875 privata,

58 1923 132 1998 qua
158 1895 379 1998 gaudebam,
416 1896 669 1972 exhortatione
694 1901 856 2000 primum
883 1894 1086 1972 deducerer
1117 1894 1163 1970 ad

57 2019 219 2095 Tabulas
239 2021 463 2122 EugubinaS,
493 2025 633 2124 insigne
658 2018 752 2094 illud
776 2001 910 2098 veteris
932 2020 1060 2096 Italiae
1082 2031 1179 2096 mo?

56 2160 288 2237 numentum,
318 2148 495 2220 curiosius
519 2143 776 2248 inspiciendas,
807 2161 844 2220 et
871 2165 981 2248 quem'
1004 2145 1164 2252 fructum
1222 2198 1224 2204 ,

55 2267 248 2370 hucusque
278 2269 420 2345 litterae
451 2267 538 2344 inde
563 2273 835 2372 percepissent,
873 2267 1161 2344 considerarem:

55 2392 284 2468 fabulantem
302 2420 388 2468 sane
408 2391 655 2486 credidissem,
679 2397 743 2494 qui
762 2375 853 2466 mihi
872 2391 1022 2487 diceret,
1048 2419 1172 2496 quan-¹

54 2499 138 2592 tum
162 2533 325 2618 tempus,
362 2531 593 2616 quantosque
625 2515 772 2588 labores
800 2513 1000 2590 doctissimi
1027 2521 1165 2619 quique

55 2666 145 2716 suae
172 2642 297 2712 aetatis
322 2637 492 2712 homines
517 2640 591 2710 iam
614 2634 921 2740 perdidissentin
943 2638 1002 2710 his
1024 2655 1166 2740 septem

54 2764 202 2837 laminis
229 2760 464 2864 explicandis.
516 2759 622 2856 Quae
653 2765 749 2836 enim
777 2758 826 2835 O.
851 2761 1099 2835 Muellerus
1126 2765 1166 2836 in

15 2950 23 2968 ,
54 2887 249 2992 praeclaro
271 2885 317 2961 de
334 2887 496 2960 Etruscis
519 2912 632 2989 opere
656 2889 783 2989 paucis
806 2889 846 2959 in
865 2889 1006 2988 paginis
1028 2883 1074 2960 de
1094 2886 1165 2960 lin-

56 3039 130 3113 gua
144 3010 351 3085 tabularum
366 3015 506 3113 egregie
521 3008 690 3101 disseruit
707 3012 737 3082 si
757 3014 955 3113 exceperis,
976 3030 1165 3116 praeterea

54 3133 171 3226 nihil,
209 3131 315 3236 quod,
343 3150 436 3208 esset
465 3137 645 3230 memoria
667 3131 837 3236 dignum,
871 3163 989 3238 usque
1020 3135 1066 3212 ad
1091 3137 1166 3213 hoc

54 3278 203 3361 tempus
233 3285 302 3361 per
327 3275 486 3361 quatuor
510 3258 587 3334 fere
613 3257 759 3332 saecula
785 3275 930 3334 erutum
956 3287 1052 3354 esse,
1085 3264 1165 3336 iure

56 3385 191 3485 aliquis
213 3381 356 3456 dixerit.
389 3379 502 3486 Quod
524 3386 554 3457 si
570 3409 699 3459 verum
717 3398 784 3475 est,
803 3383 994 3456 nonnullis
1014 3407 1175 3490 operam

55 3511 183 3611 potius
209 3503 337 3580 ludere
364 3504 538 3598 videbor,
573 3534 702 3609 qaum,
737 3531 831 3608 quae
857 3531 915 3580 res
941 3507 1161 3612 expostulat,
1207 3555 1210 3562 ·

56 3657 200 3724 curare,
236 3635 266 3712 si
291 3629 409 3741 nihilo
435 3633 555 3704 minus
580 3630 780 3705 Historiam
806 3627 1033 3706 Tabularum
1056 3658 1163 3737 prae·

56 3757 204 3829 mittere
229 3755 347 3831 lubet.
389 3753 528 3848 Verum
551 3771 688 3847 tamen,
715 3771 973 3859 praeterquam
994 3755 1097 3860 quod
1118 3754 1164 3829 ad

57 3877 331 3954 absolutionem
356 3905 459 3953 meae
485 3877 749 3982 qualiscunque
769 3883 808 3954 in
828 3880 902 3956 hoc
921 3894 1163 3955 monumento

55 4005 203 4106 positae
224 4030 357 4107 operae
377 4006 563 4107 pertinere
582 4001 740 4098 videtur,
763 3983 817 4096 ut,
843 4031 918 4107 quo
938 4021 1107 4108 tempore
1127 4020 1164 4080 et

58 4151 139 4230 quo
164 4126 250 4201 loco
271 4127 417 4202 tabulae
437 4143 604 4232 repertae
625 4131 709 4222 sint,
737 4128 907 4221 referam,
933 4131 1075 4232 'quique
1095 4127 1164 4204 ho-

57 4238 178 4326 mines
209 4266 246 4326 et
275 4279 347 4355 qua
373 4250 447 4328 fide
472 4251 533 4331 vel
557 4256 742 4332 universas
767 4233 928 4348 tabulas,
956 4253 1017 4332 vel
1041 4270 1163 4359 partes

905 4380 959 4477 [¹]

921 4543 986 4642 [s
