2694 4978
734 332 786 420 16

209 528 423 630 insesipmm
448 541 504 600 est
529 524 775 628 Br'bliotbe’que
798 525 955 630 [sabbae
980 549 1029 607 ou
1055 523 1210 606 Hamis
1233 531 1311 604 Lir-

211 650 334 728 temris
351 651 398 727 de
422 647 575 748 Pliade,
600 653 751 752 primam
777 653 816 723 in
837 649 885 726 T.
895 650 966 726 111.
986 653 1069 752 (31),
1099 655 1139 728 in
1165 679 1236 756 qua
1255 671 1310 736 ta,-

209 773 335 850 bulam
359 773 534 849 Faliscam
564 789 602 848 et
625 771 774 849 tabulae
800 773 1016 876 Eugubinae
1039 779 1169 852 tertiae
1195 776 1312 882 (apud

209 885 400 1002 Dempst.)
427 924 507 974 eam
531 913 687 1002 partem,
723 921 817 1002 quae
842 897 981 976 Latinis
1007 899 1138 976 litteris
1163 906 1311 1006 conspi-
1336 975 1337 1002 ,

210 1026 317 1118 citur,
349 1037 559 1128 pertractat.
611 1021 735 1099 Verba
765 1020 917 1100 exbibet
940 1021 986 1098 ad
1013 1022 1164 1100 Gruteri
1189 1051 1314 1100 exem-

209 1147 332 1252 plum,
369 1173 483 1250 quum
514 1145 735 1250 Dempsteriv
759 1171 854 1250 opus
884 1144 1051 1224 nondum
1080 1151 1119 1224 iu
1144 1152 1318 1225 manibus

209 1287 351 1348 teneret
365 1269 446 1372 (³²),
474 1287 512 1346 et
531 1274 670 1374 integra
689 1271 946 1355 vertitlsatine
968 1287 1006 1348 et
1022 1271 1317 1376 Francogallice.

210 1397 255 1470 ln
284 1397 396 1470 altera
428 1393 681 1474 dissertatione
706 1395 754 1470 Τ.
774 1393 879 1471 XIV.
899 1394 989 1494 (³³),
1027 1423 1121 1499 quae
1153 1424 1188 1474 a.
1214 1397 1261 1474 17
1265 1405 1320 1472 32

209 1523 250 1594 in
268 1519 388 1594 lucem
405 1515 558 1624 prodiit,
587 1520 853 1624 explicationis,
883 1546 994 1624 quam
1013 1524 1231 1624 promiserat
1244 1520 1322 1622 (³4)

209 1645 486 1747 Eugubinarum
515 1645 737 1738 tabularum,
769 1648 928 1749 primam
957 1648 1031 1722 iam
1056 1645 1204 1722 exhibet
1227 1671 1321 1748 par-

209 1785 298 1862 tem,
329 1767 585 1846 Gruterianam
602 1768 766 1842 tabulam
783 1769 955 1846 Latinam
973 1773 1111 1871 integra
1131 1774 1323 1872 interpre-

210 1897 349 1969 tatione
375 1919 444 1968 nee
467 1896 593 1996 paucis
618 1888 917 1978 adnotationibus
942 1895 1138 1964 instruens.
1187 1893 1322 1968 Pelas-

125 2056 127 2060 ·
211 2044 342 2119 gerum
362 2016 424 2110 hic
446 2020 626 2094 invenisse
652 2016 722 2090 sibi
745 2015 842 2090 visus
861 2013 923 2087 ‘est
948 2015 988 2086 in
1013 2011 1148 2086 tabulis
1173 2013 1325 2090 lamen-

210 2145 384 2234 tationeS,
423 2144 556 2243 quibus
586 2141 643 2214 illi
672 2135 812 2212 duabus
846 2137 1023 2212 aetatibus
1054 2152 1138 2210 ante
1171 2136 1326 2214 bellum

212 2268 415 2341 Troianum
434 2267 619 2339 fortunam
635 2288 738 2336 suam
751 2260 1071 2364 comploraverint,
1090 2287 1205 2364 quum
1217 2261 1325 2338 fame

212 2409 249 2467 et
267 2407 371 2497 peste
398 2388 760 2489 omniquepernicie
788 2386 1078 2482 absumerentur,
1107 2401 1200 2462 teste
1219 2385 1323 2461 Dio-

212 2521 317 2622 nysio
342 2515 422 2616 (³⁵).
483 2515 639 2612 Tertiam
672 2508 832 2615 denique
863 2508 1167 2604 dissertationem,
1204 2537 1325 2612 quam

213 2670 246 2718 a.
269 2643 362 2718 1733
386 2637 431 2713 de
450 2634 647 2738 alphabeto
666 2637 824 2710 Etrusco
847 2639 1073 2738 perscripsit,
1103 2632 1239 2708 editam
1261 2641 1323 2712 vi·

213 2766 277 2842 des
302 2759 341 2836 in
370 2759 573 2834 T.XV1]1.
599 2760 664 2857 (³⁶)
687 2759 821 2856 (1734)
850 2756 1012 2832 eiusdem
1041 2761 1182 2859 operis,
1221 2786 1323 2859 quae

214 2885 303 2992 quid
334 2908 419 2958 sane
445 2879 683 2986 expediverit,
721 2908 836 2984 quum
862 2908 972 2984 supra
998 2883 1208 2972 enarrarim,
1238 2909 1323 2956 non

213 3028 280 3104 est,
316 3004 418 3112 quod
451 3005 585 3082 diutius
617 3011 804 3098 immorer,
842 3008 1057 3108 praesertim
1089 3032 1204 3107 quum
1236 3007 1322 3108 ipse

213 3140 297 3212 satis
316 3132 436 3238 ampla
456 3135 511 3207 sui
535 3130 807 3235 praedieatione
833 3127 1026 3205 defunctus
1049 3128 1163 3204 alium
1187 3155 1321 3232 quem-

216 3237 287 3365 que
313 3258 387 3333 hoe
411 3283 563 3332 munere
588 3256 761 3331 liberasse
786 3251 966 3332 videatur.

266 3451 504 3537 (³1)'Art.v111:
521 3454 637 3514 Lettres
654 3473 704 3512 sur
721 3451 796 3510 deux
813 3449 991 3532 pritendues
1008 3447 1199 3531 Inscriptions
1213 3447 1321 3512 Etrus

214 3560 286 3640 ques
303 3558 319 3618 ὲ
337 3559 392 3618 Ms.
406 3557 434 3617 ie
447 3555 575 3637 Marquis
590 3553 712 3636 Scipion
724 3551 827 3614 Maisei
841 3551 858 3613 i
870 3552 1001 3614 Ver-one.
1016 3561 1096 3618 1728.

180 3677 182 3682 '
214 3683 216 3688 ’
267 3658 544 3741 (³2)1bid.p.202.

269 3760 331 3842 (33)
357 3759 422 3820 Art.
430 3777 468 3820 1.:
494 3757 622 3820 Litanies
634 3758 771 3842 Pilisges
790 3757 839 3818 des
853 3754 983 3818 Audiens
995 3754 1135 3818 Habitans
1152 3755 1189 3816 de
1202 3752 1319 3816 l’Italie.

116 3873 122 3886 ⁸
215 3863 370 3940 Premiire
384 3861 492 3936 Partie,
509 3859 741 3922 Avertissement
757 3859 897 3922 touchant
911 3858 952 3920 les
964 3857 1071 3920 Tables
1085 3856 1267 3942 Eugubines.

268 3965 331 4049 (st)
357 3963 507 4026 Temni.
521 3975 653 4025 artvm.
667 3985 697 4044 p.
705 3975 768 4026 200.

269 4070 333 4151 (35)
358 4069 483 4150 Dionys.
496 4065 591 4128 Halic.
604 4064 688 4126 lib.1.
702 4077 780 4126 ees,

268 4173 331 4252 (³⁶)
356 4167 456 4232 san
472 4169 575 4232 neree
587 4189 637 4232 sm
649 4163 975 4260 lapideumque
993 4143 1014 4226 i
1028 4162 1199 4228 numen
1211 4161 1319 4227 comte

219 4277 256 4338 de
269 4273 401 4336 Harmeh
415 4284 492 4336 etc.⁴
629 4304 633 4312 ¹
