2694 4978
727 397 785 484 20

206 591 308 669 tandi
333 587 426 667 ratio
452 617 609 694 prorsus
622 588 668 664 ad
689 616 783 683 eam,
813 618 923 694 quam
942 591 1199 695 Bourguetius,
1229 595 1307 706 Go-

198 723 300 810 rius,
325 717 474 792 Lamius
497 708 757 807 adhibuerunt,
790 719 859 792 nisi
890 715 992 819 quod
1017 716 1171 794 Latinae
1196 725 1308 822 magis

164 919 167 923 .
204 845 301 919 favet
326 840 582 946 etymologiae,
610 838 752 912 Maffeii
775 838 844 915 hac
870 838 1019 944 quidem
1042 843 1082 916 in
1103 868 1158 935 re,
1187 859 1230 920 ut
1253 850 1306 921 vi·

204 965 325 1059 detur,
355 968 549 1039 obsecutus
578 966 740 1038 monitis.

302 1087 469 1164 Eandem
502 1085 681 1189 denique,
723 1114 835 1191 quam
865 1078 1014 1165 Lamius
1047 1093 1310 1196 interpretatus

203 1231 280 1290 erat
311 1212 489 1304 tabulam,
522 1214 670 1314 repetiit
703 1215 812 1286 etiam
837 1213 1095 1291 Bardettius
1110 1216 1176 1318 (⁵²)
1203 1246 1309 1292 suam

201 1343 315 1442 ipsius
346 1334 519 1410 adiiciens
549 1351 738 1437 praeterea
769 1340 1128 1441 interpretationem,
1163 1341 1305 1446 quaid

200 1465 433 1566 potissimum
462 1462 617 1536 evicisse
641 1461 712 1534 sibi
736 1459 893 1552 ridetur,
928 1463 1023 1538 nihil
1047 1463 1105 1538 his
1128 1469 1168 1538 in
1191 1468 1306 1540 rebus

200 1586 380 1691 proficere
417 1609 541 1688 posse,
584 1587 655 1660 nisi
694 1589 758 1688 qui
791 1585 956 1662 Gallicae
989 1587 1306 1693 Germanicaeque

199 1713 345 1815 linguae
371 1709 614 1785 sufficientem
636 1712 708 1783 sibi
733 1715 1000 1813 comparaverit
1024 1717 1239 1789 scientiam.'

300 1833 553 1910 Ludovicus
582 1831 866 1931 Lanzius„(⁵³),
900 1849 944 1906 ut
969 1859 1111 1928 omnes,
1148 1841 1302 1940 quicun.

200 1987 273 2064 que
299 1975 383 2031 ante
407 1961 529 2058 ipsum
554 1953 610 2027 his
636 1956 674 2026 in
700 1950 826 2027 studiis
853 1979 1005 2056 operam
1035 1957 1196 2058 aliquam
1222 1961 1305 2034 col-

198 2084 430 2172 locavenmt,
469 2105 609 2155 summa
639 2079 777 2182 pariter
811 2075 977 2152 doctrina
1010 2094 1120 2182 atque
1148 2083 1310 2182 ingenio

196 2203 295 2280 haud
326 2203 466 2304 uulgari
498 2200 655 2275 multum
688 2228 775 2275 sane
806 2219 966 2305 superat,
995 2206 1058 2296 ita,
1094 2230 1166 2307 qua
1191 2199 1309 2279 etiam

197 2328 376 2404 modestia
402 2342 439 2401 et
457 2328 728 2428 'promissorum
753 2324 1006 2401 moderatione
1033 2327 1120 2420 fuit,
1157 2331 1235 2430 ipse
1262 2333 1308 2404 in

176 2437 457 2558 ¹principio(⁵l)
484 2453 605 2554 operis
622 2454 698 2542 sui,
728 2454 859 2525 merito
883 2450 1170 2544 celebratissimi,
1198 2455 1321 2560 inge-¹

196 2605 268 2653 nue
299 2575 513 2682 profitetur,
550 2599 589 2648 se
619 2573 719 2649 hunc
741 2574 879 2649 librum
904 2577 1083 2669 seribere,
1119 2602 1197 2651 non
1222 2604 1306 2680 quo

196 2731 235 2778 se
260 2718 384 2806 speret
408 2701 599 2772 Etruscam
622 2697 784 2796 lipguam
810 2700 856 2772 ab
885 2703 986 2772 omni
1010 2715 1115 2800 parte
1140 2701 1304 2774 illustra-

169 2844 318 2909 ,tmum
344 2847 440 2911 esse,
477 2814 541 2892 sed
573 2831 616 2890 ut
641 2817 806 2892 conferat
831 2818 877 2892 ad
905 2820 1003 2894 hunc
1027 2820 1140 2906 finem
1165 2849 1305 2897 monu-

194 2961 401 3021 mentorum
426 2941 638 3046 plenissimo
664 2966 817 3015 recensu
841 2958 877 3016 et
903 2957 1079 3046 quantum
1103 2943 1185 3019 fieri
1208 2973 1303 3048 pos-

194 3073 253 3163 sit,
274 3069 540 3143 aecuratissima
554 3062 814 3170 descriptione.
857 3063 941 3159 Qua
953 3071 1197 3168 promissione
1212 3096 1302 3145 eum

194 3221 271 3269 non
298 3192 381 3296 plus
407 3193 446 3263 in
472 3215 510 3263 se
535 3194 729 3292 recepisse,
765 3217 874 3292 quam
899 3195 1132 3295 praestitisse,
1167 3219 1296 3286 nemo,

192 3336 299 3425 puto,
330 3321 411 3407 erit,
442 3317 531 3417 quin
554 3313 726 3388 lubenter
751 3313 956 3388 confirmet.
1011 3313 1157 3408 Quodsi
1176 3317 1298 3393 nihilo

193 3449 312 3547 minus
336 3459 459 3517 tamen
484 3431 748 3542 saepenumero
774 3441 883 3511 etiam
906 3438 989 3540 plus
1009 3445 1192 3541 praestare
1212 3458 1296 3516 ten-

193 3571 295 3658 tavit,
326 3592 440 3668 quam,
459 3580 557 3638 recte
587 3566 817 3667 promiserat,
845 3566 1021 3665 temporis
1046 3568 1171 3667 potius
1195 3565 1296 3640 illius

243 3811 273 3892 (5
276 3810 305 3891 2)
330 3814 418 3867 Della
429 3813 545 3879 Lingua
557 3815 602 3865 ἀί
608 3813 702 3886 ¹primi
711 3813 849 3866 αόίιαιονί
862 3815 928 3867 dell*
940 3813 1040 3876 Italia,
1058 3831 1146 3882 opera
1153 3827 1292 3883 postuma

193 3913 241 3975 del
254 3912 349 3973 Padre
363 3908 550 3970 Stanislao
564 3909 740 3970 Bardetti.
758 3915 789 3968 in
802 3915 934 3971 Medma.
954 3917 1034 3975 1772.
1055 3912 1274 3993 pag.25l·28l.

243 4014 306 4094 (⁵3)
331 4017 439 4084 saggo
457 4017 614 4082 ottingun
626 4015 753 4072 Etrusca
765 4036 781 4071 e
792 4019 910 4072 dialtre
921 4019 1082 4084 antiebc,d'
1094 4018 1193 4074 Italia.
1219 4014 1256 4076 T.
1265 4015 1289 4074 I.

131 4189 134 4196 Δ
191 4118 231 4178 11.
249 4117 280 4177 iu
293 4117 398 4178 Roma.
414 4124 494 4182 1789.

207 4281 209 4290 ,
242 4218 304 4297 (54)
329 4240 357 4298 p.
367 4231 393 4278 3.
407 4216 445 4277 cl.
462 4239 490 4297 p.
501 4224 567 4282 770:
590 4213 701 4290 Questa
720 4215 736 4276 ὲ
756 4214 782 4275 la
801 4215 938 4295 raccolta,
958 4216 988 4278 in
1002 4218 1060 4296 cui,
1081 4231 1169 4281 torno
1181 4239 1197 4280 a
1211 4217 1289 4300 ripe-

189 4332 265 4394 tere,
283 4330 324 4378 sta
337 4317 358 4378 il
372 4319 506 4402 maggior
518 4317 622 4402 pregio
637 4317 685 4380 del
698 4317 758 4380 mio
771 4315 859 4378 libro.
