2702 4980
41 571 218 672 conspici,
255 568 356 672 quod
389 569 451 644 illa
484 574 590 646 certis
619 575 658 645 in
683 573 847 663 vocibus,
882 579 1079 678 praecipue
1106 581 1144 650 in

39 696 357 769 terminationibus
390 711 598 770 constanter
629 723 647 768 s
677 694 836 802 litteram
867 715 998 789 servet,
1034 727 1144 802 quam

39 817 132 892 baec
151 823 189 892 in
209 848 229 890 r
246 835 457 909 commutet,
477 821 583 893 tertia
602 818 728 893 tabula
747 823 819 904 iam
841 837 895 894 est
914 822 1141 925 excipienda,

39 945 180 1044 quippe
208 968 301 1045 quae
321 946 595 1018 terminationes
618 942 787 1018 exhibeat
813 948 852 1017 in
877 973 898 1016 r
921 942 1140 1038 desinentes,

0 1073 1 1076 ’
39 1092 135 1167 quae
167 1070 206 1142 in
238 1069 367 1142 ceteris
398 1066 531 1140 tabulis
563 1066 739 1142 Umbrice
771 1071 913 1172 scriptis
942 1071 981 1143 in
1005 1099 1024 1143 s
1050 1069 1144 1145 desi·

38 1206 144 1265 nunt.
201 1190 380 1266 Conferas
412 1201 522 1266 voces
558 1195 597 1264 in
627 1196 734 1266 tertia
764 1171 908 1266 tabula:
952 1195 1141 1294 Atti'e‘lzcr,

39 1316 233 1413 Attie‘liur,
260 1315 421 1413 kloster,
451 1315 653 1416 nu‘lpener,
684 1317 812 1416 temler,
843 1318 975 1417 triplae,
1003 1318 1070 1413 al.;
1104 1323 1143 1392 in

39 1437 178 1512 Latinis
203 1437 356 1512 tabulis:
386 1441 562 1537 Attiersir,
587 1443 790 1540 Atriersiur,
815 1445 978 1542 Iovinur,
1001 1443 1140 1542 velarier,

39 1564 224 1660 treblonir3
248 1566 288 1635 in
305 1561 509 1637 Umbricis:
532 1564 721 1664 trephnes,
740 1565 927 1653 Atir'e‘tes,
948 1567 1140 1667 Ilcuoinus,

37 1686 182 1791 nebien,
211 1714 381 1789 anpenes.
434 1685 636 1788 Antiquior
666 1691 766 1769 enim
796 1686 972 1763 dialectus
1003 1691 1143 1764 nullam

36 1838 57 1880 r
83 1807 233 1884 exhibet
256 1813 296 1884 in
321 1809 469 1915 syllabis
494 1809 679 1904 finalibus,
708 1815 779 1886 nisi
804 1839 899 1915 quae
925 1811 971 1886 ad
992 1817 1143 1918 stirpem

35 1937 234 2037 pertineat,
262 1951 322 2011 ut:
337 1937 476 2036 frater,
505 1938 669 2036 Iupoter,
697 1963 817 2039 super,
846 1937 957 2011 ulitur
982 1938 1049 2038 (cf.
1074 1939 1142 2012 ult-

38 2075 138 2155 tnru,
169 2058 353 2160 ulctretie),
381 2059 429 2133 al.
484 2059 586 2133 Haec
618 2076 739 2136 autem
773 2059 1039 2138 animadversio
1066 2090 1143 2137 non

39 2184 182 2254 minimi
213 2186 390 2256 momenti
419 2184 528 2257 nobis
559 2182 722 2278 videtur,
759 2191 838 2260 tum
869 2183 975 2288 quod.
997 2184 1043 2261 ad
1070 2185 1141 2260 dis-

39 2308 261 2411 positionem
285 2301 493 2382 tabularum
517 2323 801 2412 temporumque
827 2309 1027 2404 rationem,
1063 2327 1142 2385 tum

41 2427 141 2530 quod
162 2426 207 2501 ad
226 2433 442 2503 sententiam
461 2457 571 2530 supra
587 2431 769 2531 prolatam
790 2435 930 2523 attinet,
960 2460 1038 2507 non
1055 2438 1141 2508 scri·

38 2569 168 2654 pturae
194 2559 354 2643 tahtmn,
368 2577 374 2591 “
388 2548 453 2624 sed
484 2555 555 2654 ipsi
585 2551 731 2654 linguae
762 2552 954 2656 paullatim
984 2572 1141 2646 mutatae
1168 2612 1170 2618 -
1200 2616 1201 2620 ,

38 2674 305 2778 discrepantias
326 2675 407 2749 illas
438 2673 652 2769 inhaesisse,
690 2703 779 2780 quas
811 2675 961 2756 diversis
980 2683 1030 2752 in
1061 2705 1140 2754 mo-

37 2803 221 2874 numentis
245 2803 460 2904 reperimus.
514 2799 595 2875 Nec
625 2800 803 2876 Lennium
835 2805 1047 2905 cogitavisse
1071 2831 1140 2908 pu-

35 2927 188 3000 taverim
219 2911 266 2998 de
294 2922 434 3018 duabus
465 2922 629 2999 eiusdem
658 2927 760 3000 urbis
786 2925 1023 3031 eiusdemque
1048 2944 1140 3003 tem-

0 3125 1 3156 ,
35 3051 138 3152 poris
165 3046 340 3152 dialectis,
371 3052 400 3122 si
421 3053 662 3152 cognovisset,
691 3053 731 3123 in
750 3054 838 3154 ipsis
858 3049 1033 3128 Umbrice
1053 3057 1140 3130 scri·
1220 3069 1222 3076 ⁴
1255 3135 1256 3146 χ

36 3176 110 3276 ptis
135 3171 269 3248 tabulis
293 3171 439 3275 linguae
463 3199 640 3278 apparere
662 3171 934 3269 differentiam„
949 3203 1043 3278 quae
1064 3203 1142 3250 non

1 3365 2 3396 ,
36 3300 154 3400 possit
184 3293 230 3370 ad
263 3296 563 3400 orthographiam
588 3299 740 3375 fortasse
766 3304 885 3374 minus
912 3316 1140 3374 constantem

37 3421 179 3496 referri.
234 3417 395 3523 Opo'rtet
419 3411 541 3524 igitur,
574 3423 668 3498 tanc
693 3427 828 3497 tertiam
855 3424 1009 3497 tabulam
1034 3428 1139 3498 etiem

1 3591 2 3644 p
32 3546 157 3645 paullo
171 3563 254 3646 post
264 3547 364 3618 illum
377 3550 562 3620 terminum
577 3573 766 3648 ponamus,
797 3573 909 3649 quem
926 3573 1036 3650 supra
1047 3546 1139 3624 Um·

34 3672 136 3743 brice
159 3659 302 3772 scriptis
321 3669 456 3744 tabulis
475 3674 515 3743 in
535 3674 1033 3764 universum-constituimus,
1059 3691 1141 3775 post

1 3889 2 3896 ἵ
31 3795 144 3888 finem
171 3790 255 3866 dico
280 3799 402 3898 quarti
424 3795 624 3868 saeculi'ab
653 3798 748 3870 Urbe
772 3797 927 3870 condz'ta.
972 3795 1032 3868 De
1058 3799 1138 3868 reli·

34 3921 114 4020 quis
139 3918 279 4000 duabus
300 3921 471 4019 partebus,
506 3933 586 3992 utra
612 3917 873 4022 praeponenda
899 3921 964 4011 sit,
995 3921 1137 4021 quaeri-

35 4057 108 4116 tur.
136 4042 188 4115 Et
206 4066 428 4144 quamquam
447 4045 598 4116 omnino
618 4069 695 4118 non
710 4069 882 4144 magnum
894 4045 990 4116 inter
1001 4058 1136 4116 utram·

37 4190 110 4268 que
135 4167 312 4269 temporis
338 4170 495 4269 spatium
519 4167 763 4242 intercessisse
789 4163 953 4260 videtur,
990 4169 1138 4240 maiores

37 4305 158 4366 tamen
184 4289 321 4366 tabidos
345 4317 393 4364 1v.
413 4309 450 4364 et
469 4319 502 4367 v.
528 4309 738 4393 anteponere
761 4291 890 4392 placet.
936 4289 1019 4365 Hoc
1039 4295 1137 4366 enim
1261 4277 1264 4292 ’

878 4413 934 4514 [7]
