<?xml version="1.0" encoding="UTF-8"?>
<!DOCTYPE html PUBLIC "-//W3C//DTD XHTML 1.0 Transitional//EN"
    "http://www.w3.org/TR/xhtml1/DTD/xhtml1-transitional.dtd">
<html xmlns="http://www.w3.org/1999/xhtml" xml:lang="en" lang="en">
 <head>
  <title>
</title>
<meta http-equiv="Content-Type" content="text/html;charset=utf-8" />
  <meta name='ocr-system' content='tesseract 3.04.00' />
  <meta name='ocr-capabilities' content='ocr_page ocr_carea ocr_par ocr_line ocrx_word'/>
</head>
<body>
  <div class='ocr_page' id='page_1' title='image "./detabuliseugubi00lepsgoog_0107.png"; bbox 0 0 2702 4980; ppageno 0'>
   <div class='ocr_carea' id='block_1_1' title="bbox 566 355 643 442">
    <p class='ocr_par' dir='ltr' id='par_1_1' title="bbox 566 355 643 442">
     <span class='ocr_line' id='line_1_1' title="bbox 566 355 643 442; baseline -0.026 0"><span class='ocrx_word' id='word_1_1' title='bbox 566 355 643 442; x_wconf 74' lang='lat'><strong>101</strong></span> 
     </span>
    </p>
   </div>
   <div class='ocr_carea' id='block_1_2' title="bbox 56 544 1257 1768">
    <p class='ocr_par' dir='ltr' id='par_1_2' title="bbox 56 544 1257 1768">
     <span class='ocr_line' id='line_1_2' title="bbox 57 544 1155 652; baseline 0 -28"><span class='ocrx_word' id='word_1_2' title='bbox 57 552 179 642; x_wconf 88' lang='lat' dir='ltr'><strong>etiam,</strong></span> <span class='ocrx_word' id='word_1_3' title='bbox 210 573 304 652; x_wconf 88' lang='lat' dir='ltr'><strong>quac</strong></span> <span class='ocrx_word' id='word_1_4' title='bbox 326 547 412 624; x_wconf 87' lang='lat' dir='ltr'><strong>inde</strong></span> <span class='ocrx_word' id='word_1_5' title='bbox 429 544 476 622; x_wconf 87' lang='lat' dir='ltr'><strong>dc</strong></span> <span class='ocrx_word' id='word_1_6' title='bbox 493 563 694 623; x_wconf 88' lang='lat' dir='ltr'><strong>ceterarum</strong></span> <span class='ocrx_word' id='word_1_7' title='bbox 711 544 836 623; x_wconf 87' lang='lat' dir='ltr'><strong>Italiae</strong></span> <span class='ocrx_word' id='word_1_8' title='bbox 853 547 1072 651; x_wconf 83' lang='lat' dir='ltr'><strong>linguarum,</strong></span> <span class='ocrx_word' id='word_1_9' title='bbox 1101 554 1155 624; x_wconf 90' lang='lat' dir='ltr'><strong>in-</strong></span> 
     </span>
     <span class='ocr_line' id='line_1_3' title="bbox 56 672 1159 779; baseline 0 -31"><span class='ocrx_word' id='word_1_10' title='bbox 56 677 186 779; x_wconf 89' lang='lat' dir='ltr'><strong>primis</strong></span> <span class='ocrx_word' id='word_1_11' title='bbox 210 672 377 766; x_wconf 82' lang='lat' dir='ltr'><strong>Latinae,</strong></span> <span class='ocrx_word' id='word_1_12' title='bbox 408 675 559 776; x_wconf 81' lang='lat' dir='ltr'><strong>origine,</strong></span> <span class='ocrx_word' id='word_1_13' title='bbox 587 675 819 774; x_wconf 82' lang='lat' dir='ltr'>cognatione,</span> <span class='ocrx_word' id='word_1_14' title='bbox 848 677 1014 750; x_wconf 84' lang='lat' dir='ltr'><strong>universa</strong></span> <span class='ocrx_word' id='word_1_15' title='bbox 1032 691 1159 748; x_wconf 87' lang='lat' dir='ltr'><strong>natura</strong></span> 
     </span>
     <span class='ocr_line' id='line_1_4' title="bbox 59 794 1154 901; baseline 0.001 -29"><span class='ocrx_word' id='word_1_16' title='bbox 59 823 187 872; x_wconf 90' lang='lat' dir='ltr'><strong>eruere</strong></span> <span class='ocrx_word' id='word_1_17' title='bbox 212 801 411 901; x_wconf 89' lang='lat' dir='ltr'><strong>potuerim.</strong></span> <span class='ocrx_word' id='word_1_18' title='bbox 458 794 572 891; x_wconf 91' lang='lat' dir='ltr'><strong>Quod</strong></span> <span class='ocrx_word' id='word_1_19' title='bbox 596 822 685 872; x_wconf 82' lang='lat' dir='ltr'><strong>vero</strong></span> <span class='ocrx_word' id='word_1_20' title='bbox 711 799 750 871; x_wconf 92' lang='lat' dir='ltr'><strong>in</strong></span> <span class='ocrx_word' id='word_1_21' title='bbox 772 795 849 872; x_wconf 84' lang='lat' dir='ltr'><strong>lroc</strong></span> <span class='ocrx_word' id='word_1_22' title='bbox 874 800 995 900; x_wconf 91' lang='lat' dir='ltr'><strong>primo</strong></span> <span class='ocrx_word' id='word_1_23' title='bbox 1023 801 1154 901; x_wconf 87' lang='lat' dir='ltr'><strong>capite,</strong></span> 
     </span>
     <span class='ocr_line' id='line_1_5' title="bbox 60 897 1158 1026; baseline 0.002 -32"><span class='ocrx_word' id='word_1_24' title='bbox 60 919 106 996; x_wconf 91' lang='lat' dir='ltr'><strong>de</strong></span> <span class='ocrx_word' id='word_1_25' title='bbox 132 913 334 997; x_wconf 77' lang='lat' dir='ltr'><strong>litteratura</strong></span> <span class='ocrx_word' id='word_1_26' title='bbox 359 923 591 1026; x_wconf 91' lang='lat' dir='ltr'><strong>potissimum</strong></span> <span class='ocrx_word' id='word_1_27' title='bbox 616 897 839 1024; x_wconf 81' lang='lat' dir='ltr'><strong>conscripto,</strong></span> <span class='ocrx_word' id='word_1_28' title='bbox 870 926 1054 1024; x_wconf 90' lang='lat' dir='ltr'><strong>copiosius</strong></span> <span class='ocrx_word' id='word_1_29' title='bbox 1080 922 1158 996; x_wconf 91' lang='lat' dir='ltr'><strong>aliis</strong></span> 
     </span>
     <span class='ocr_line' id='line_1_6' title="bbox 60 1043 1159 1148; baseline 0.001 -29"><span class='ocrx_word' id='word_1_30' title='bbox 60 1062 170 1148; x_wconf 80' lang='lat' dir='ltr'><strong>atque</strong></span> <span class='ocrx_word' id='word_1_31' title='bbox 190 1046 250 1122; x_wconf 82' lang='lat' dir='ltr'><strong>rel</strong></span> <span class='ocrx_word' id='word_1_32' title='bbox 270 1049 375 1122; x_wconf 88' lang='lat' dir='ltr'><strong>anxie</strong></span> <span class='ocrx_word' id='word_1_33' title='bbox 398 1043 582 1120; x_wconf 91' lang='lat' dir='ltr'><strong>interdum</strong></span> <span class='ocrx_word' id='word_1_34' title='bbox 608 1048 720 1147; x_wconf 83' lang='lat' dir='ltr'>egisse</span> <span class='ocrx_word' id='word_1_35' title='bbox 746 1043 884 1140; x_wconf 79' lang='lat' dir='ltr'><strong>videar,</strong></span> <span class='ocrx_word' id='word_1_36' title='bbox 914 1043 952 1119; x_wconf 91' lang='lat' dir='ltr'><strong>id</strong></span> <span class='ocrx_word' id='word_1_37' title='bbox 978 1046 1069 1120; x_wconf 91' lang='lat' dir='ltr'><strong>mihi</strong></span> <span class='ocrx_word' id='word_1_38' title='bbox 1094 1071 1159 1120; x_wconf 91' lang='lat' dir='ltr'><strong>eos</strong></span> 
     </span>
     <span class='ocr_line' id='line_1_7' title="bbox 61 1146 1257 1274; baseline 0.001 -31"><span class='ocrx_word' id='word_1_39' title='bbox 61 1195 139 1243; x_wconf 89' lang='lat' dir='ltr'><strong>non</strong></span> <span class='ocrx_word' id='word_1_40' title='bbox 151 1171 241 1246; x_wconf 82' lang='lat' dir='ltr'><strong>vitio</strong></span> <span class='ocrx_word' id='word_1_41' title='bbox 256 1168 405 1245; x_wconf 88' lang='lat' dir='ltr'><strong>daturos</strong></span> <span class='ocrx_word' id='word_1_42' title='bbox 418 1173 565 1273; x_wconf 89' lang='lat' dir='ltr'>opinor,</span> <span class='ocrx_word' id='word_1_43' title='bbox 585 1173 649 1272; x_wconf 83' lang='lat' dir='ltr'><strong>qui</strong></span> <span class='ocrx_word' id='word_1_44' title='bbox 662 1173 848 1271; x_wconf 81' lang='lat' dir='ltr'><strong>cognitum</strong></span> <span class='ocrx_word' id='word_1_45' title='bbox 859 1169 1009 1264; x_wconf 85' lang='lat' dir='ltr'><strong>habent,</strong></span> <span class='ocrx_word' id='word_1_46' title='bbox 1026 1187 1160 1274; x_wconf 81' lang='lat' dir='ltr'><strong>quanta</strong></span> <span class='ocrx_word' id='word_1_47' title='bbox 1255 1146 1257 1160; x_wconf 40' lang='grc' dir='ltr'>Ι</span> 
     </span>
     <span class='ocr_line' id='line_1_8' title="bbox 63 1291 1241 1399; baseline 0.002 -31"><span class='ocrx_word' id='word_1_48' title='bbox 63 1298 233 1368; x_wconf 87' lang='lat' dir='ltr'><strong>cautione</strong></span> <span class='ocrx_word' id='word_1_49' title='bbox 251 1311 360 1397; x_wconf 80' lang='lat' dir='ltr'><strong>atque</strong></span> <span class='ocrx_word' id='word_1_50' title='bbox 382 1291 701 1368; x_wconf 86' lang='lat' dir='ltr'><strong>demonstrationis</strong></span> <span class='ocrx_word' id='word_1_51' title='bbox 720 1294 797 1368; x_wconf 85' lang='lat' dir='ltr'><strong>fere</strong></span> <span class='ocrx_word' id='word_1_52' title='bbox 818 1295 1048 1369; x_wconf 89' lang='lat' dir='ltr'><strong>absolutione</strong></span> <span class='ocrx_word' id='word_1_53' title='bbox 1068 1321 1161 1399; x_wconf 91' lang='lat' dir='ltr'><strong>opus</strong></span> <span class='ocrx_word' id='word_1_54' title='bbox 1238 1379 1241 1387; x_wconf 14' lang='lat' dir='ltr'>A</span> 
     </span>
     <span class='ocr_line' id='line_1_9' title="bbox 63 1415 1177 1522; baseline 0.003 -31"><span class='ocrx_word' id='word_1_55' title='bbox 63 1421 108 1492; x_wconf 90' lang='lat' dir='ltr'><strong>sit</strong></span> <span class='ocrx_word' id='word_1_56' title='bbox 134 1421 184 1505; x_wconf 77' lang='lat' dir='ltr'><strong>ins</strong></span> <span class='ocrx_word' id='word_1_57' title='bbox 201 1415 437 1520; x_wconf 84' lang='lat' dir='ltr'><strong>expediendis</strong></span> <span class='ocrx_word' id='word_1_58' title='bbox 462 1417 519 1492; x_wconf 91' lang='lat' dir='ltr'><strong>his</strong></span> <span class='ocrx_word' id='word_1_59' title='bbox 543 1415 667 1512; x_wconf 83' lang='lat' dir='ltr'><strong>rebus,</strong></span> <span class='ocrx_word' id='word_1_60' title='bbox 699 1445 793 1521; x_wconf 89' lang='lat' dir='ltr'><strong>quae</strong></span> <span class='ocrx_word' id='word_1_61' title='bbox 820 1445 896 1522; x_wconf 86' lang='lat' dir='ltr'><strong>quo</strong></span> <span class='ocrx_word' id='word_1_62' title='bbox 923 1417 1056 1494; x_wconf 91' lang='lat' dir='ltr'><strong>diutius</strong></span> <span class='ocrx_word' id='word_1_63' title='bbox 1082 1420 1177 1494; x_wconf 63' lang='lat' dir='ltr'><strong>fue-¹</strong></span> 
     </span>
     <span class='ocr_line' id='line_1_10' title="bbox 60 1540 1161 1646; baseline 0.004 -32"><span class='ocrx_word' id='word_1_64' title='bbox 60 1557 150 1616; x_wconf 92' lang='lat' dir='ltr'><strong>runt</strong></span> <span class='ocrx_word' id='word_1_65' title='bbox 181 1545 283 1644; x_wconf 82' lang='lat' dir='ltr'><strong>quasi</strong></span> <span class='ocrx_word' id='word_1_66' title='bbox 316 1540 468 1616; x_wconf 88' lang='lat' dir='ltr'><strong>deliciae</strong></span> <span class='ocrx_word' id='word_1_67' title='bbox 499 1542 691 1616; x_wconf 91' lang='lat' dir='ltr'><strong>hominum</strong></span> <span class='ocrx_word' id='word_1_68' title='bbox 723 1540 935 1638; x_wconf 89' lang='lat' dir='ltr'><strong>doctorum,</strong></span> <span class='ocrx_word' id='word_1_69' title='bbox 973 1569 1018 1618; x_wconf 90' lang='lat' dir='ltr'><strong>eo</strong></span> <span class='ocrx_word' id='word_1_70' title='bbox 1049 1547 1161 1646; x_wconf 85' lang='lat' dir='ltr'><strong>magis</strong></span> 
     </span>
     <span class='ocr_line' id='line_1_11' title="bbox 62 1657 1007 1768; baseline 0.002 -30"><span class='ocrx_word' id='word_1_71' title='bbox 62 1662 227 1764; x_wconf 80' lang='lat' dir='ltr'><strong>redditae</strong></span> <span class='ocrx_word' id='word_1_72' title='bbox 254 1657 339 1742; x_wconf 89' lang='lat' dir='ltr'><strong>sunt</strong></span> <span class='ocrx_word' id='word_1_73' title='bbox 365 1667 554 1768; x_wconf 83' lang='lat' dir='ltr'><strong>ambiguae</strong></span> <span class='ocrx_word' id='word_1_74' title='bbox 581 1682 618 1740; x_wconf 89' lang='lat' dir='ltr'><strong>et</strong></span> <span class='ocrx_word' id='word_1_75' title='bbox 644 1665 813 1742; x_wconf 86' lang='lat' dir='ltr'><strong>difficiles</strong></span> <span class='ocrx_word' id='word_1_76' title='bbox 839 1682 1007 1742; x_wconf 89' lang='lat' dir='ltr'><strong>tractatu.</strong></span> 
     </span>
    </p>
   </div>
   <div class='ocr_carea' id='block_1_3' title="bbox 64 1915 1191 4384">
    <p class='ocr_par' dir='ltr' id='par_1_3' title="bbox 64 1915 1161 2142">
     <span class='ocr_line' id='line_1_12' title="bbox 233 1915 716 1991; baseline 0.004 -2"><span class='ocrx_word' id='word_1_77' title='bbox 233 1915 430 1990; x_wconf 90' lang='lat' dir='ltr'><strong>Historia</strong></span> <span class='ocrx_word' id='word_1_78' title='bbox 455 1917 716 1991; x_wconf 89' lang='lat' dir='ltr'><strong>tabularum.</strong></span> 
     </span>
     <span class='ocr_line' id='line_1_13' title="bbox 64 2037 1161 2142; baseline 0.001 -28"><span class='ocrx_word' id='word_1_79' title='bbox 64 2037 190 2142; x_wconf 82' lang='lat' dir='ltr'><strong>Capl.</strong></span> <span class='ocrx_word' id='word_1_80' title='bbox 232 2039 297 2115; x_wconf 92' lang='lat' dir='ltr'><strong>De</strong></span> <span class='ocrx_word' id='word_1_81' title='bbox 323 2040 581 2116; x_wconf 87' lang='lat' dir='ltr'><strong>litteratura</strong></span> <span class='ocrx_word' id='word_1_82' title='bbox 606 2041 873 2116; x_wconf 90' lang='lat' dir='ltr'><strong>Umbrorum</strong></span> <span class='ocrx_word' id='word_1_83' title='bbox 898 2043 1122 2118; x_wconf 79' lang='lat' dir='ltr'><strong>universa.</strong></span> <span class='ocrx_word' id='word_1_84' title='bbox 1155 2075 1161 2101; x_wconf 71' lang='grc' dir='ltr'><em>ι</em></span> 
     </span>
    </p>

    <p class='ocr_par' dir='ltr' id='par_1_4' title="bbox 272 2163 1163 2270">
     <span class='ocr_line' id='line_1_14' title="bbox 272 2163 1163 2270; baseline 0.003 -33"><span class='ocrx_word' id='word_1_85' title='bbox 272 2172 302 2236; x_wconf 89' lang='grc'><strong>1.</strong></span> <span class='ocrx_word' id='word_1_86' title='bbox 327 2164 496 2239; x_wconf 90' lang='lat' dir='ltr'><strong>Latinam</strong></span> <span class='ocrx_word' id='word_1_87' title='bbox 513 2169 740 2269; x_wconf 84' lang='lat' dir='ltr'><strong>scripturam,</strong></span> <span class='ocrx_word' id='word_1_88' title='bbox 764 2182 805 2240; x_wconf 92' lang='lat' dir='ltr'><strong>ut</strong></span> <span class='ocrx_word' id='word_1_89' title='bbox 823 2163 921 2270; x_wconf 91' lang='lat' dir='ltr'><strong>apud</strong></span> <span class='ocrx_word' id='word_1_90' title='bbox 932 2191 1069 2240; x_wconf 90' lang='lat' dir='ltr'><strong>omnes</strong></span> <span class='ocrx_word' id='word_1_91' title='bbox 1087 2165 1163 2240; x_wconf 89' lang='lat' dir='ltr'><strong>fere</strong></span> 
     </span>
    </p>

    <p class='ocr_par' dir='ltr' id='par_1_5' title="bbox 290 2288 1191 2638">
     <span class='ocr_line' id='line_1_15' title="bbox 290 2288 1191 2394; baseline -0.004 -26"><span class='ocrx_word' id='word_1_92' title='bbox 290 2361 291 2368; x_wconf 74' lang='grc'>,</span> <span class='ocrx_word' id='word_1_93' title='bbox 328 2288 452 2363; x_wconf 88' lang='lat' dir='ltr'><strong>Italiae</strong></span> <span class='ocrx_word' id='word_1_94' title='bbox 471 2290 646 2394; x_wconf 88' lang='lat' dir='ltr'><strong>populos,</strong></span> <span class='ocrx_word' id='word_1_95' title='bbox 675 2293 724 2364; x_wconf 91' lang='lat' dir='ltr'><strong>ita</strong></span> <span class='ocrx_word' id='word_1_96' title='bbox 744 2289 842 2392; x_wconf 92' lang='lat' dir='ltr'><strong>apud</strong></span> <span class='ocrx_word' id='word_1_97' title='bbox 861 2290 1023 2365; x_wconf 92' lang='lat' dir='ltr'><strong>Umbros</strong></span> <span class='ocrx_word' id='word_1_98' title='bbox 1044 2293 1163 2364; x_wconf 92' lang='lat' dir='ltr'><strong>iunio·</strong></span> <span class='ocrx_word' id='word_1_99' title='bbox 1187 2313 1191 2332; x_wconf 67' lang='lat'><em>*</em></span> 
     </span>
     <span class='ocr_line' id='line_1_16' title="bbox 329 2413 1163 2518; baseline 0.002 -32"><span class='ocrx_word' id='word_1_100' title='bbox 329 2439 410 2486; x_wconf 85' lang='lat' dir='ltr'><strong>rem</strong></span> <span class='ocrx_word' id='word_1_101' title='bbox 435 2439 531 2504; x_wconf 86' lang='lat' dir='ltr'><strong>esse,</strong></span> <span class='ocrx_word' id='word_1_102' title='bbox 567 2440 676 2513; x_wconf 92' lang='lat' dir='ltr'><strong>quam</strong></span> <span class='ocrx_word' id='word_1_103' title='bbox 707 2413 860 2488; x_wconf 79' lang='lat' dir='ltr'><strong>&#39;alteram</strong></span> <span class='ocrx_word' id='word_1_104' title='bbox 884 2414 1075 2488; x_wconf 85' lang='lat' dir='ltr'><strong>Etruscam</strong></span> <span class='ocrx_word' id='word_1_105' title='bbox 1100 2441 1163 2518; x_wconf 92' lang='lat' dir='ltr'><strong>ap-</strong></span> 
     </span>
     <span class='ocr_line' id='line_1_17' title="bbox 328 2535 515 2638; baseline 0.005 -30"><span class='ocrx_word' id='word_1_106' title='bbox 328 2535 515 2638; x_wconf 89' lang='lat' dir='ltr'><strong>pellatam.</strong></span> 
     </span>
    </p>

    <p class='ocr_par' dir='ltr' id='par_1_6' title="bbox 271 2657 1163 2878">
     <span class='ocr_line' id='line_1_18' title="bbox 271 2657 1163 2753; baseline 0.004 -21"><span class='ocrx_word' id='word_1_107' title='bbox 271 2668 303 2732; x_wconf 84' lang='lat'><strong>2.</strong></span> <span class='ocrx_word' id='word_1_108' title='bbox 331 2657 436 2753; x_wconf 90' lang='lat' dir='ltr'><strong>Quae</strong></span> <span class='ocrx_word' id='word_1_109' title='bbox 462 2659 615 2735; x_wconf 83' lang='lat' dir='ltr'><strong>Etmsca</strong></span> <span class='ocrx_word' id='word_1_110' title='bbox 640 2657 868 2734; x_wconf 89' lang='lat' dir='ltr'><strong>Umbrorum</strong></span> <span class='ocrx_word' id='word_1_111' title='bbox 895 2657 1035 2735; x_wconf 88' lang='lat' dir='ltr'><strong>dicatur</strong></span> <span class='ocrx_word' id='word_1_112' title='bbox 1067 2661 1163 2736; x_wconf 86' lang='lat' dir='ltr'><strong>litte-</strong></span> 
     </span>
     <span class='ocr_line' id='line_1_19' title="bbox 331 2783 928 2878; baseline 0.005 -21"><span class='ocrx_word' id='word_1_113' title='bbox 331 2799 465 2878; x_wconf 88' lang='lat' dir='ltr'><strong>ratura,</strong></span> <span class='ocrx_word' id='word_1_114' title='bbox 495 2809 575 2858; x_wconf 89' lang='lat' dir='ltr'><strong>eam</strong></span> <span class='ocrx_word' id='word_1_115' title='bbox 599 2783 823 2859; x_wconf 89' lang='lat' dir='ltr'><strong>Umbricam·</strong></span> <span class='ocrx_word' id='word_1_116' title='bbox 838 2811 928 2860; x_wconf 89' lang='lat' dir='ltr'><strong>esse.</strong></span> 
     </span>
    </p>

    <p class='ocr_par' dir='ltr' id='par_1_7' title="bbox 270 2907 1168 3263">
     <span class='ocr_line' id='line_1_20' title="bbox 270 2907 1166 3014; baseline 0.006 -33"><span class='ocrx_word' id='word_1_117' title='bbox 270 2917 304 2982; x_wconf 86' lang='grc'><strong>3.</strong></span> <span class='ocrx_word' id='word_1_118' title='bbox 330 2907 543 2983; x_wconf 90' lang='lat' dir='ltr'><strong>Umbricam</strong></span> <span class='ocrx_word' id='word_1_119' title='bbox 565 2907 660 2982; x_wconf 91' lang='lat' dir='ltr'><strong>hanc</strong></span> <span class='ocrx_word' id='word_1_120' title='bbox 678 2909 918 2984; x_wconf 86' lang='lat' dir='ltr'><strong>litteraturam</strong></span> <span class='ocrx_word' id='word_1_121' title='bbox 938 2909 984 2984; x_wconf 91' lang='lat' dir='ltr'><strong>ad</strong></span> <span class='ocrx_word' id='word_1_122' title='bbox 1004 2927 1166 3014; x_wconf 82' lang='lat' dir='ltr'><strong>veterem</strong></span> 
     </span>
     <span class='ocr_line' id='line_1_21' title="bbox 331 3032 1168 3139; baseline 0.007 -34"><span class='ocrx_word' id='word_1_123' title='bbox 331 3032 559 3106; x_wconf 91' lang='lat' dir='ltr'><strong>Umbrorum</strong></span> <span class='ocrx_word' id='word_1_124' title='bbox 574 3037 913 3136; x_wconf 85' lang='lat' dir='ltr'><strong>pronuntiationem</strong></span> <span class='ocrx_word' id='word_1_125' title='bbox 930 3061 1046 3139; x_wconf 86' lang='lat' dir='ltr'><strong>aeque</strong></span> <span class='ocrx_word' id='word_1_126' title='bbox 1058 3036 1168 3110; x_wconf 86' lang='lat' dir='ltr'><strong>fuisse</strong></span> 
     </span>
     <span class='ocr_line' id='line_1_22' title="bbox 331 3157 1165 3263; baseline 0.004 -34"><span class='ocrx_word' id='word_1_127' title='bbox 331 3172 455 3259; x_wconf 91' lang='lat' dir='ltr'><strong>aptam</strong></span> <span class='ocrx_word' id='word_1_128' title='bbox 480 3173 590 3259; x_wconf 85' lang='lat' dir='ltr'><strong>atque</strong></span> <span class='ocrx_word' id='word_1_129' title='bbox 611 3157 817 3232; x_wconf 89' lang='lat' dir='ltr'><strong>Romanam</strong></span> <span class='ocrx_word' id='word_1_130' title='bbox 839 3157 885 3233; x_wconf 92' lang='lat' dir='ltr'><strong>ad</strong></span> <span class='ocrx_word' id='word_1_131' title='bbox 909 3163 1165 3263; x_wconf 87' lang='lat' dir='ltr'><strong>posteriorem.</strong></span> 
     </span>
    </p>

    <p class='ocr_par' dir='ltr' id='par_1_8' title="bbox 273 3279 1168 3509">
     <span class='ocr_line' id='line_1_23' title="bbox 273 3279 1168 3384; baseline 0.002 -30"><span class='ocrx_word' id='word_1_132' title='bbox 273 3286 307 3354; x_wconf 79' lang='lat' dir='ltr'><strong>t.</strong></span> <span class='ocrx_word' id='word_1_133' title='bbox 333 3279 421 3375; x_wconf 88' lang='lat' dir='ltr'><strong>Quo</strong></span> <span class='ocrx_word' id='word_1_134' title='bbox 450 3297 620 3384; x_wconf 88' lang='lat' dir='ltr'><strong>tempore</strong></span> <span class='ocrx_word' id='word_1_135' title='bbox 652 3309 786 3359; x_wconf 84' lang='lat' dir='ltr'><strong>novam</strong></span> <span class='ocrx_word' id='word_1_136' title='bbox 814 3283 1053 3357; x_wconf 88' lang='lat' dir='ltr'><strong>litteraturam</strong></span> <span class='ocrx_word' id='word_1_137' title='bbox 1084 3293 1168 3356; x_wconf 89' lang='lat' dir='ltr'><strong>c&#39;um</strong></span> 
     </span>
     <span class='ocr_line' id='line_1_24' title="bbox 333 3405 1134 3509; baseline 0.001 -29"><span class='ocrx_word' id='word_1_138' title='bbox 333 3409 482 3509; x_wconf 87' lang='lat' dir='ltr'><strong>antiqua</strong></span> <span class='ocrx_word' id='word_1_139' title='bbox 508 3423 748 3481; x_wconf 89' lang='lat' dir='ltr'><strong>commutasse</strong></span> <span class='ocrx_word' id='word_1_140' title='bbox 771 3405 963 3483; x_wconf 80' lang='lat' dir='ltr'><strong>rideantur</strong></span> <span class='ocrx_word' id='word_1_141' title='bbox 987 3405 1134 3481; x_wconf 85' lang='lat' dir='ltr'><strong>Umbri.</strong></span> 
     </span>
    </p>

    <p class='ocr_par' dir='ltr' id='par_1_9' title="bbox 230 3525 1167 3636">
     <span class='ocr_line' id='line_1_25' title="bbox 230 3525 1167 3636; baseline 0.004 -32"><span class='ocrx_word' id='word_1_142' title='bbox 230 3529 304 3604; x_wconf 54' lang='lat' dir='ltr'><strong>‘De</strong></span> <span class='ocrx_word' id='word_1_143' title='bbox 323 3525 699 3632; x_wconf 89' lang='lat' dir='ltr'><strong>pronuntiatione</strong></span> <span class='ocrx_word' id='word_1_144' title='bbox 723 3531 990 3606; x_wconf 89' lang='lat' dir='ltr'><strong>litterarum</strong></span> <span class='ocrx_word' id='word_1_145' title='bbox 1013 3535 1167 3636; x_wconf 83' lang='lat' dir='ltr'><strong>singu-</strong></span> 
     </span>
    </p>

    <p class='ocr_par' dir='ltr' id='par_1_10' title="bbox 280 3654 1089 3757">
     <span class='ocr_line' id='line_1_26' title="bbox 280 3654 1089 3757; baseline 0.001 -29"><span class='ocrx_word' id='word_1_146' title='bbox 280 3654 444 3757; x_wconf 87' lang='lat' dir='ltr'><strong>larum.</strong></span> <span class='ocrx_word' id='word_1_147' title='bbox 1088 3751 1089 3756; x_wconf 5' lang='grc' dir='ltr'>ἵ</span> 
     </span>
    </p>

    <p class='ocr_par' dir='ltr' id='par_1_11' title="bbox 64 3777 1165 4384">
     <span class='ocr_line' id='line_1_27' title="bbox 242 3777 1165 3886; baseline 0.007 -34"><span class='ocrx_word' id='word_1_148' title='bbox 242 3777 341 3874; x_wconf 93' lang='lat' dir='ltr'><strong>Quo</strong></span> <span class='ocrx_word' id='word_1_149' title='bbox 366 3794 566 3883; x_wconf 91' lang='lat' dir='ltr'><strong>tempore</strong></span> <span class='ocrx_word' id='word_1_150' title='bbox 590 3779 806 3855; x_wconf 89' lang='lat' dir='ltr'><strong>tabulae</strong></span> <span class='ocrx_word' id='word_1_151' title='bbox 795 3784 1036 3886; x_wconf 89' lang='lat' dir='ltr'><strong>1nsoriptae</strong></span> <span class='ocrx_word' id='word_1_152' title='bbox 1063 3786 1165 3858; x_wconf 89' lang='lat' dir='ltr'><strong>sint</strong></span> 
     </span>
     <span class='ocr_line' id='line_1_28' title="bbox 240 3898 922 4006; baseline 0.001 -28"><span class='ocrx_word' id='word_1_153' title='bbox 240 3903 305 3978; x_wconf 90' lang='lat' dir='ltr'><strong>De</strong></span> <span class='ocrx_word' id='word_1_154' title='bbox 331 3898 634 4006; x_wconf 87' lang='lat' dir='ltr'><strong>dispositione</strong></span> <span class='ocrx_word' id='word_1_155' title='bbox 658 3904 922 3980; x_wconf 81' lang='lat' dir='ltr'><strong>tabularum.</strong></span> 
     </span>
     <span class='ocr_line' id='line_1_29' title="bbox 64 4025 1047 4132; baseline 0.002 -28"><span class='ocrx_word' id='word_1_156' title='bbox 64 4030 163 4132; x_wconf 88' lang='lat' dir='ltr'><strong>Cap</strong></span> <span class='ocrx_word' id='word_1_157' title='bbox 169 4028 216 4102; x_wconf 85' lang='grc' dir='ltr'><strong>Π.</strong></span> <span class='ocrx_word' id='word_1_158' title='bbox 240 4027 306 4102; x_wconf 87' lang='lat' dir='ltr'><strong>De</strong></span> <span class='ocrx_word' id='word_1_159' title='bbox 334 4025 571 4103; x_wconf 90' lang='lat' dir='ltr'><strong>elementis</strong></span> <span class='ocrx_word' id='word_1_160' title='bbox 597 4029 775 4132; x_wconf 83' lang='lat' dir='ltr'><strong>linguae</strong></span> <span class='ocrx_word' id='word_1_161' title='bbox 800 4029 1047 4124; x_wconf 86' lang='lat' dir='ltr'><strong>Umbricae.</strong></span> 
     </span>
     <span class='ocr_line' id='line_1_30' title="bbox 274 4152 879 4230; baseline 0.003 -4"><span class='ocrx_word' id='word_1_162' title='bbox 274 4153 303 4226; x_wconf 87' lang='lat' dir='ltr'>L</span> <span class='ocrx_word' id='word_1_163' title='bbox 327 4152 401 4228; x_wconf 94' lang='lat' dir='ltr'><strong>De</strong></span> <span class='ocrx_word' id='word_1_164' title='bbox 425 4153 592 4228; x_wconf 90' lang='lat' dir='ltr'><strong>litteris</strong></span> <span class='ocrx_word' id='word_1_165' title='bbox 617 4153 879 4230; x_wconf 80' lang='lat' dir='ltr'><strong>vocalibus.</strong></span> 
     </span>
     <span class='ocr_line' id='line_1_31' title="bbox 406 4276 982 4384; baseline 0.005 -35"><span class='ocrx_word' id='word_1_166' title='bbox 406 4285 436 4349; x_wconf 92' lang='lat'><strong>1.</strong></span> <span class='ocrx_word' id='word_1_167' title='bbox 461 4276 521 4352; x_wconf 91' lang='lat' dir='ltr'><strong>De</strong></span> <span class='ocrx_word' id='word_1_168' title='bbox 538 4281 747 4384; x_wconf 86' lang='lat' dir='ltr'><strong>¹mutatione</strong></span> <span class='ocrx_word' id='word_1_169' title='bbox 772 4277 982 4372; x_wconf 79' lang='lat' dir='ltr'><strong>vocalium.¹</strong></span> 
     </span>
    </p>
   </div>
   <div class='ocr_carea' id='block_1_4' title="bbox 0 0 1375 4980">
    <p class='ocr_par' dir='ltr' id='par_1_12' title="bbox 0 0 1375 4980">
     <span class='ocr_line' id='line_1_32' title="bbox 0 0 1375 4980; baseline 0 0"><span class='ocrx_word' id='word_1_170' title='bbox 0 0 1375 4980; x_wconf 95' lang='lat' dir='ltr'><strong> </strong></span> 
     </span>
    </p>
   </div>
  </div>
 </body>
</html>
