2694 4978
717 373 744 458 6

287 565 380 656 „Ex
399 543 516 640 Libro
535 564 853 640 Reformationum
875 565 1040 642 Civitatis
1058 568 1217 670 Eugubii
1237 555 1283 644 ab

183 715 279 764 anno
311 692 406 762 1453
433 687 478 762 ad
510 689 604 762 1457
629 716 669 791 p.
686 697 769 765 132.
981 769 984 774 ,

284 810 432 886 Eisdem
447 839 558 903 anne,
576 812 797 906 Indictione,
819 812 1100 908 etPontificatu,
1122 816 1184 892 die
1196 845 1283 896 vero

186 940 247 1010 25.
263 935 431 1038 Augusti.
472 938 607 1012 Actum
627 938 788 1040 Eugubii
813 942 853 1014 in
879 939 953 1014 sala
978 945 1159 1044 superiori
1179 942 1284 1018 Pala-

184 1064 225 1135 tii
255 1059 489 1136 Residentiae
518 1061 798 1164 Magnificorum
821 1063 911 1138 DD.
942 1063 1215 1160 Confalonerii,
1250 1085 1289 1144 et
1338 1061 1339 1142 l

184 1184 390 1260 Consulum
423 1183 541 1260 dictae
571 1185 756 1280 Civitatis,
791 1189 1043 1291 praesentibus
1061 1188 1144 1265 ‘Ser
1173 1191 1287 1268 Petro

185 1306 320 1383 Ferodi
339 1326 375 1384 ot
391 1310 554 1413 Baptista
571 1310 750 1412 Fulginen
767 1312 869 1386 Lutii
887 1311 1060 1388 Testibus
1081 1315 1173 1388 mihi
1190 1315 1287 1392 Can-

184 1432 333 1507 cellario
353 1438 450 1508 notis
469 1433 515 1507 ad
533 1433 625 1509 haec
643 1436 790 1529 habitis,
821 1441 958 1513 vocatis
977 1455 1016 1513 et
1033 1444 1181 1541 rogatis.

285 1556 421 1632 Paulus
440 1557 612 1662 Gregorii
637 1558 691 1636 de*
706 1561 799 1665 sig,
828 1561 1012 1638 habitator
1036 1563 1194 1666 Eugubii
1220 1589 1289 1666 per

184 1707 237 1774 se,
265 1701 351 1758 suos
372 1683 558 1760 Haeredes
586 1702 624 1760 et
646 1684 882 1762 Successores
909 1704 946 1763 et
971 1691 1051 1763 vice
1077 1703 1114 1763 et
1139 1693 1289 1763 nomine

183 1804 419 1884 Presentinae
444 1808 558 1881 Filiae
586 1807 677 1880 olim
701 1810 885 1884 Francisci
905 1813 987 1885 Vici
1008 1811 1145 1911 Maggi,
1176 1828 1213 1886 et
1235 1813 1285 1884 D.

183 1931 346 2031 Angeias
371 1930 507 2004 Uxoris
533 1927 571 2003 d.
591 1929 711 2021 Pauli,
739 1956 810 2032 pro
838 1957 909 2032 qua
931 1931 1144 2004 Presentina
1170 1933 1292 2010 dictus
1339 1923 1340 1946 l

183 2052 319 2128 Paulus
346 2052 392 2127 de
417 2071 498 2129 rato
526 2057 697 2157 promisit
722 2069 792 2128 etc.
821 2051 937 2145 dedit,
966 2051 1129 2146 tradidit,
1158 2054 1290 2146 vendi-

185 2175 252 2268 dit,
281 2181 388 2250 cessit
414 2193 452 2251 et
477 2182 658 2252 concessit
682 2177 886 2278 Magnificis
909 2178 998 2253 DD.
1022 2177 1292 2256 Confalonerio

185 2318 223 2376 et
241 2300 466 2376 Consulibus
484 2299 603 2376 dictae
622 2301 788 2376 Civitatis
808 2318 845 2377 et
863 2303 954 2378 mihi
971 2301 1176 2383 Guerrerio
1192 2303 1291 2379 Can-

185 2424 334 2500 cellario
347 2425 441 2499 infra
457 2429 594 2528 scripto
609 2428 871 2531 recipientibus
889 2454 959 2532 pro
977 2426 1076 2504 dicto
1091 2427 1294 2505 Communi

192 2551 350 2626 Tabulas
368 2569 499 2654 septem
521 2555 694 2628 eburneas
718 2559 830 2628 vorsis
855 2555 978 2628 litteris
1002 2559 1164 2657 scriptas,
1191 2557 1292 2628 Lau·-

186 2683 241 2751 ru's
258 2678 422 2752 videlicet
439 2695 477 2749 et
493 2680 683 2776 Aegyptias
709 2677 754 2752 ad
780 2676 1006 2770 habendum,
1029 2677 1236 2755 'tenendum
1254 2695 1295 2753 et

99 2783 111 2810 “
186 2799 450 2902 possidendum
476 2816 546 2874 etc.
575 2816 613 2874 et
639 2799 741 2902 quod
758 2798 868 2874 'dicto
891 2800 1091 2874 Communi
1116 2799 1294 2903 deinceps

188 2922 367 3026 placuerit
387 2921 596 2998 iaciendum
617 2941 687 2998 etc.
733 2925 783 2998 Et
808 2923 882 2998 hoc
907 2923 995 2998 fecit
1020 2921 1138 2998 dictus
1156 2923 1295 3003 Paulus

188 3050 399 3152 nominibus
423 3065 466 3124 ut
491 3073 613 3153 supra,
645 3053 735 3154 quia
757 3048 911 3153 praefati
936 3047 1119 3150 magnifici
1136 3048 1226 3122 DD.
1257 3067 1296 3124 et

187 3171 370 3248 Antonius
389 3170 558 3248 Guidutii
576 3171 746 3249 Sindicus
767 3190 804 3248 et
820 3173 1044 3250 Procurator
1069 3171 1158 3250 dicti
1178 3173 1293 3249 Com-

189 3301 308 3372 munis
326 3299 541 3372 substitutus
559 3298 788 3373 aFrancisco
804 3298 964 3392 Nicolai,
984 3324 1055 3400 pro
1072 3314 1115 3372 ut
1131 3295 1178 3372 de
1196 3295 1294 3372 dicta

189 3424 447 3497 substitutione
473 3437 544 3497 etc.
574 3421 707 3498 dicitur
732 3449 908 3527 apparere
934 3449 1044 3496 manu
1072 3421 1141 3497 Ser
1164 3423 1294 3497 Iacobi

188 3546 365 3622 Matthaei
380 3546 427 3622 de
444 3547 590 3622 Urbino
612 3547 702 3622 olim
719 3547 951 3640 Cancellarii,
973 3551 1075 3622 cuius
1094 3537 1291 3641 consensu,

84 3699 87 3712 “
188 3671 336 3745 licentia
360 3688 397 3747 et
420 3671 610 3748 voluntate
634 3672 883 3776 praelatorum
900 3671 1180 3776 Magnificorum
1199 3672 1291 3747 DD.

189 3794 368 3890 vendidit,
392 3795 554 3889 tradidit,
579 3801 687 3872 cessit
706 3814 744 3872 et
762 3801 954 3890 concessit,
978 3798 1215 3898 consignavit,
1239 3823 1295 3870 as·-
1340 3783 1341 3850 l

191 3925 355 4023 signavit,
386 3922 560 3997 stabilivit
585 3939 622 3996 et
647 3921 806 3998 firmavit
830 3920 930 3998 dicto
956 3920 1073 3996 Paulo
1101 3923 1295 4023 accipienti

190 4072 261 4148 pro
280 4073 318 4121 se
338 4064 376 4121 et
394 4049 473 4124 vice
494 4063 530 4121 et
555 4051 705 4121 nomine
725 4045 961 4122 Presentinae
981 4046 1166 4120 (tabellam
1185 4049 1296 4120 Mon·
1340 4035 1341 4052 ³

193 4175 279 4243 u'um
302 4190 339 4246 et
360 4199 573 4274 pascuorum
598 4177 791 4246 commum's
814 4173 929 4246 dictae
949 4175 1111 4248 Civitatis
1131 4173 1296 4268 Eugubt

191 4322 260 4369 uae
291 4301 519 4372 consentien.
565 4295 686 4372 Vendi
719 4300 828 4372 etiam
859 4299 936 4372 eius
956 4297 1124 4396 fructus,
1164 4295 1299 4368 reditus
