2694 4978
549 382 602 471 15

22 580 186 684 phabeto
206 574 462 654 constituendo
481 575 683 650 nonnullos
702 573 808 650 Baldi
821 591 973 651 'errores
996 601 1118 653 emen·

22 704 137 796 davit,
165 718 202 777 et
219 711 470 804 argumentum
486 700 553 800 (²⁹)
582 699 845 792 „Communes
864 729 947 775 cum
972 702 1120 805 populis

20 828 185 904 finitimis
207 823 428 930 pactiones''
452 829 607 929 putavit.
702 867 704 872 ·

55 1024 58 1031 f
115 952 308 1026 'Hactenus
334 951 539 1042 Bonarota,
573 951 637 1053 qui
665 951 840 1052 (plol.)
873 952 982 1025 etiam
1009 949 1120 1027 Cur-

21 1081 130 1152 tium
148 1075 466 1178 Inghiramium
483 1074 549 1175 (³⁰)
575 1077 715 1178 quippe
733 1074 907 1149 inmalae
927 1089 965 1149 et
989 1072 1119 1178 de'plo-

20 1217 120 1276 ratae
155 1223 302 1274 caussae
341 1213 554 1302 argumento
593 1197 735 1276 emdite
768 1213 951 1276 versatum
981 1197 1120 1274 laudat.

20 1324 136 1400 Novit
159 1323 221 1398 hic
245 1323 407 1398 tabulam
433 1323 551 1398 solam
571 1335 597 1398 a
614 1324 659 1400 Β.
685 1321 806 1398 Baldo
834 1322 982 1416 editam,
1011 1349 1123 1426 quem

20 1447 114 1522 nihil
143 1452 182 1523 in
208 1448 334 1524 tabula
349 1448 594 1542 -intellexisse,
626 1474 749 1552 neque
775 1446 978 1552 quidquam
1002 1452 1123 1552 ipsum

19 1599 57 1648 se
84 1577 191 1666 scire,
220 1572 327 1646 facile
352 1587 499 1673 poterat
524 1570 787 1666 demonstrare.

121 1697 201 1770 Iam
222 1719 312 1772 vero
337 1697 432 1770 intra
455 1721 594 1799 paucos
621 1720 735 1768 annos
760 1691 979 1797 prodierunt
1001 1695 1121 1770 homi-

19 1847 85 1896 nes
106 1821 209 1894 omni
226 1843 313 1893 suae
333 1821 458 1893 aetatis
479 1817 644 1894 doctrina
664 1816 910 1912 eruditissimi,
933 1819 1122 1922 Bourgue-

18 1950 106 2038 tius,
130 1940 286 2035 Gudius,
310 1941 460 2036 Gorius,
482 1941 693 2036 Olitierius‚
714 1943 900 2036 Maffeius,
922 1943 1120 2034 Passerius‚

18 2069 181 2159 Lamius,
208 2065 273 2158 aL,
304 2093 463 2169 quorum
488 2057 653 2143 omnium
677 2069 754 2144 sere
780 2083 964 2142 certamen
989 2073 1125 2144 exstitit

19 2197 58 2267 in
77 2217 132 2283 re,
155 2215 250 2293 quae
269 2193 341 2264 iam
360 2195 499 2295 patriae
517 2195 629 2296 magis
649 2217 760 2298 quam
778 2193 981 2268 litterarum
999 2219 1123 2269 caussa

18 2311 162 2392 reddita
186 2312 392 2392 videbatur.

120 2441 178 2514 Ex
189 2439 246 2514 his
258 2438 427 2517 Ludos.
443 2441 761 2541 Bourguetius,
780 2445 924 2516 tametsi
940 2444 1123 2545 permulta

20 2591 114 2668 quae
133 2562 180 2638 de
206 2577 420 2663 argumento
445 2561 654 2635 tabularum
675 2565 908 2662 investigasse
935 2567 1005 2638 sibi
1025 2570 1124 2641 uisus

19 2707 88 2781 est,
116 2711 268 2790 prorsus
285 2711 378 2763 vane
396 2684 580 2760 fabulatus
602 2701 669 2778 est,
696 2711 813 2758 unum
837 2699 961 2760 tamen
983 2691 1124 2789 primus

19 2812 125 2904 vidit,
158 2807 257 2884 unde
287 2835 373 2886 vere
403 2835 542 2887 novum
568 2811 666 2913 cepit
690 2810 958 2884 incrementum
981 2809 1123 2884 tabula-

18 2963 102 3012 rum
121 2935 339 3038 exploratio.
381 2932 600 3011 observavit
616 2936 803 3026 nimirum,
828 2931 963 3010 tabulis
982 2930 1124 3010 duabus

19 3061 150 3136 Latine
164 3061 375 3161 perscriptis
387 3085 499 3132 unam
511 3059 746 3132 Etruscarum
759 3057 997 3161 respondere.
1028 3058 1125 3154 Qua-

20 3212 101 3260 rum
118 3185 393 3286 oomparatione
411 3181 517 3256 facile
538 3197 623 3269 erat,
634 3207 868 3284 cognoscere,
891 3211 985 3286 quae
1000 3186 1124 3259 Etrus

22 3316 71 3383 cis
103 3311 212 3410 signis
244 3305 397 3381 mirifice
427 3304 547 3380 adhuc
571 3310 707 3383 vexatis
733 3323 770 3380 et
795 3331 990 3410 perperam
1014 3308 1122 3382 intel-

22 3433 123 3508 lectis
150 3429 303 3534 dignitas
331 3447 368 3505 et
390 3434 644 3534 pronuntiatio
670 3445 769 3504 recte
796 3423 1022 3506 conveniret.
1075 3432 1124 3505 Et

24 3560 186 3660 quamvis
200 3581 278 3629 non
289 3581 407 3657 pauca
419 3559 501 3643 sint,
515 3580 609 3658 quae
622 3559 661 3628 in
673 3552 871 3655 alphabeto
885 3581 952 3629 suo
965 3556 1124 3630 Etmsco

23 3678 247 3756 emendanda
272 3679 352 3754 aliis
380 3679 586 3782 reliquerit,
621 3679 776 3752 maxima
801 3693 924 3754 tamen
951 3706 995 3754 ex
1018 3697 1123 3783 parte

23 3809 219 3880 etiamnum
250 3819 392 3878 rectum
423 3817 534 3904 atque
566 3799 794 3904 exploratum
824 3801 953 3878 haberi
982 3820 1119 3907 potest.

24 3928 114 4003 Tres
133 3925 190 4000 his
212 3925 386 4004 derebus
406 3924 675 4001 dissertationes
696 3929 847 4002 inseruit
870 3917 988 4032 operi,
1019 3925 1121 4030 quod

24 4056 223 4068 —-—--—-

88 4111 119 4157 as
183 4147 192 4166 ‚
254 4149 262 4166 ,

68 4105 136 4292 ἔδοξ
159 4111 302 4269 llilddrso
314 4208 344 4269 di
357 4207 494 4270 Curtio
506 4205 707 4293 Inghirami
723 4225 810 4291 snpra
822 4206 842 4268 l’
853 4204 1037 4290 oppositioni
1049 4205 1122 4272 fatte

24 4308 66 4371 all’
76 4309 230 4374 Antiehitl
243 4310 386 4372 Toseane.
404 4311 568 4374 TrattVII.
585 4309 927 4392 Risp.140.Flor.16l5.
946 4323 973 4374 8.
