2694 4978
187 568 417 644 festinatione
445 567 577 660 laesae,
608 565 710 642 nulla
735 569 937 644 vastatione
963 566 1078 644 aliare
1105 562 1282 642 distmba-

186 694 287 766 tione
313 695 503 786 contritae,
532 692 680 784 fractae,
714 689 919 794 dissipatae,
947 688 1013 765 sed
1038 694 1077 766 in
1102 693 1283 766 subterra·
1332 708 1333 752 t

187 840 256 890 nea
272 797 597 890 ¹concameratione
621 841 742 919 prope
767 816 865 892 Iovis
889 813 1070 918 templum
1095 819 1285 919 antiquum

187 965 260 1014 una
284 943 479 1042 repositae,
513 943 673 1042 integrae
700 965 826 1014 omnes
852 955 890 1014 et
914 939 992 1013 fere
1017 937 1153 1014 nitidae
1179 965 1284 1043 repe·
1333 960 1334 1036 t

187 1065 343 1156 riuntur,
372 1089 498 1138 nonne
515 1062 558 1138 u't
575 1063 621 1138 ad
646 1089 840 1140 numerum
866 1088 1015 1166 quoque
1041 1065 1201 1166 integrae
1228 1090 1287 1138 rc·

187 1189 387 1290 pariantur,
421 1213 479 1262 res
506 1191 609 1290 quasi
635 1191 713 1290 ipsa
738 1186 898 1290 flagitare
924 1184 1090 1263 videtur?
1123 1185 1212 1280 Sed,
1245 1203 1290 1262 ut
1334 1214 1335 1276 3

190 1307 359 1403 diximus,
387 1313 564 1386 incertam
589 1311 684 1386 hanc
710 1338 787 1386 rem
813 1310 1068 1414 relinquimus.
1117 1309 1287 1385 Gratissi-

188 1461 296 1510 mum¹
315 1461 401 1510 sane
427 1435 576 1529 faceret,
608 1438 747 1540 quiite
773 1434 886 1510 dere
913 1432 1111 1527 decideret,
1139 1429 1194 1528 ut,
1222 1437 1288 1508 ubi
1335 1466 1336 1542 r

188 1574 366 1632 terrarum
397 1557 482 1646 illae
514 1557 608 1635 duae
639 1559 786 1636 tabulae
818 1563 1019 1654 etiamnum
1045 1558 1215 1652 laterent,
1248 1557 1287 1631 id
1335 1581 1336 1588 ¹

80 1715 82 1726 ·
189 1681 418 1786 exploratum
442 1681 632 1760 indicaret.

289 1805 385 1884 Sunt
415 1811 536 1900 etiam,
571 1811 635 1910 qui
660 1825 737 1880 octo
763 1809 901 1882 tabulas
925 1796 1096 1909 repertas
1112 1803 1286 1898 referant,

188 1945 230 2005 ut
257 1929 468 2022 Smetius,
502 1929 740 2039 Gruterus,
767 1929 952 2028 Merula.
1008 1925 1113 2024 Quos
1140 1928 1292 2029 quidem
1337 1972 1338 2050 l

188 2055 228 2125 in
247 2077 410 2130 errorem
436 2052 579 2129 duxisse
604 2053 750 2132 videtur
773 2052 919 2129 tabidae
945 2055 1074 2127 tertiae
1091 2048 1291 2153 Dempste-

188 2179 310 2250 rianae
328 2204 413 2280 pars
433 2203 488 2270 ea,
522 2205 615 2280 quae
632 2179 773 2253 Latinis
793 2179 923 2253 litteris
931 2179 1115 2279 ‘inscripta
1134 2191 1188 2248 est
1205 2173 1289 2275 (¹⁵),

190 2327 301 2403 quam
315 2301 388 2374 alii
415 2306 554 2405 quippe
580 2301 760 2380 diversam
785 2329 806 2376 a
826 2301 976 2404 reliqua,
993 2299 1118 2374 tabula
1136 2299 1293 2406 Etrusce

189 2428 343 2529 scripta„
371 2442 536 2503 octavam
564 2426 799 2532 appellarunt
822 2426 1000 2519 tabulam,
1034 2423 1110 2517 alii,
1143 2439 1186 2498 ut
1211 2426 1293 2527 ipse
1338 2431 1339 2462 ¹

94 2619 96 2624 .
190 2543 382 2644 Gruterus,
412 2549 457 2624 ad
482 2552 694 2654 Eugubinas
721 2577 801 2626 eam
826 2553 1011 2655 pertinere
1036 2575 1084 2624 ne
1109 2563 1296 2625 noverunt

89 2761 93 2768 ,
190 2672 353 2776 quidem.
399 2677 448 2750 Et
471 2674 561 2750 haec
587 2674 634 2750 de
660 2680 873 2751 inventione
898 2701 941 2748 ac
966 2699 1135 2747 numero.

290 2800 529 2898 Exemplarrir
551 2799 750 2871 tabularum
775 2799 948 2897 descripta
975 2795 1225 2898 compluribus
1252 2799 1296 2868 in

189 2919 280 3014 locis
298 2917 546 3011 adservantur,
577 2945 737 3024 quorum
754 2946 869 2992 unum
891 2923 1026 2992 Romae
1043 2918 1109 3019 (¹⁶)
1137 2917 1296 2992 alterum
1339 2999 1340 3004 .

197 3047 374 3142 Cortonae
387 3043 458 3144 (¹⁷)
485 3042 668 3131 adservari
691 3042 847 3118 relatum
874 3042 971 3146 lego
1166 3051 1168 3054 ’

240 3271 302 3352 (1⁵)
328 3253 1294 3355 Minusenimprobabile,q'umBourguesssihl.1ul.‘r.x1v‚

190 3386 253 3456 Μ.
266 3374 425 3456 suspicatus
443 3386 497 3452 est,
514 3373 641 3436 tabulam
655 3373 735 3434 istam
749 3373 891 3434 Faliscam
910 3373 988 3432 inter
1001 3371 1169 3456 Eugubinas
1188 3392 1297 3430 nume-

191 3487 280 3537 ratam
294 3497 366 3554 esse,
381 3499 465 3558 quarn
479 3498 495 3538 a
507 3476 632 3561 Ligorio
645 3473 820 3558 suppositam
834 3495 906 3551 esse,
919 3473 1071 3534 manifeste
1085 3473 1298 3536 demonstravit

192 3576 355 3638 Olivieri
368 3578 398 3638 in
411 3585 520 3639 Esame
532 3589 579 3639 del
590 3569 706 3639 B'ronzo
718 3583 895 3652 Lerpiriano.
912 3577 1031 3639 Petaro.
1047 3585 1137 3653 1771,
1150 3576 1224 3636 Lan
1233 3573 1295 3636 iio

191 3677 314 3759 quidem'
327 3679 358 3739 in
376 3681 484 3764 Saggio
502 3682 700 3763 T.11.p.·5ss.
718 3680 823 3742 leviter
836 3679 932 3742 adhuc
950 3691 1141 3763 repugnante.

242 3782 305 3862 (1⁶)
330 3781 964 3864 VideMuratoriNov.Thes.T.1.p.xxv.
985 3778 1294 3861 Olivieril.l.p.x1.

243 3886 306 3965 (17)
330 3884 407 3945 Vide
426 3891 519 3958 Saggi
534 3893 567 3944 di
579 3890 662 3946 Dias.
681 3888 790 3944 Arcad-
811 3892 923 3944 Cotton.
941 3885 977 3944 T.
988 3887 1012 3944 I.
1030 3882 1128 3943 Praei.
1144 3905 1172 3964 p.
1180 3899 1225 3942 X.:
1259 3882 1293 3942 Si

192 4009 318 4070 possono
336 3985 446 4060 vedere
469 3987 509 4048 fin
532 3989 567 4048 da
586 3987 677 4068 qnest’
697 4008 749 4048 ora
767 3987 816 4048 nel
835 3985 917 4047 nobil
936 3991 1033 4046 Museo
1049 3993 1201 4058 possedero
1217 3992 1294 4042 dall*

193 4094 366 4150 Arcademr‘a
387 4088 431 4150 fra
448 4104 505 4151 etc.
523 4089 600 4151 oltre
619 4111 659 4150 un
676 4110 744 4152 raro
762 4088 930 4170 Esemplare
948 4087 1026 4148 delle
1044 4089 1253 4150 citatefaoole
1264 4093 1297 4143 dt

197 4197 314 4269 Gubba,
331 4191 473 4274 impresso
491 4191 570 4254 nelle
584 4191 731 4277 Originali
745 4191 900 4253 medesime
912 4193 968 4272 'per
981 4211 1048 4252 cura
1064 4189 1111 4252 del
1126 4189 1187 4272 sig.
1201 4187 1295 4268 Cap-

193 4293 279 4376 popi
293 4293 478 4358 Fiorcntino.
