2694 4978
386 345 677 434 =27·

47 543 204 618 alterum
229 538 326 644 apud
351 538 528 614 Lanzium
542 538 623 639 (⁶⁷),
656 541 696 610 in
723 563 797 640 quo
824 536 973 638 legitur:
1005 538 1140 628 lVNO,

49 670 203 748 tovfit
236 682 272 740 et
304 661 558 742 3t32a3tt.
613 658 758 754 Quodsi
789 659 850 736 vel
880 659 1021 736 Romae
1055 662 1144 736 olim

48 794 201 864 Etrusca
219 789 331 865 valuit
344 788 545 862 litteratura
566 789 613 884 (si
625 785 711 860 licat
723 800 890 860 nostrum
902 811 1048 859 sensum
1059 785 1145 860 huic

10 979 11 986 ,
47 917 163 989 verbo
183 915 391 1013 subiicere),
415 910 569 985 dubium
589 935 763 984 essenon
782 917 918 1012 pote'st,
946 913 1035 1012 quin
1048 908 1144 1012 apud

10 1059 11 1114 t
49 1039 212 1140 reliquos
232 1061 390 1141 quoque
412 1035 537 1110 Italiae
561 1034 724 1151 populos
743 1035 896 1108 Etrusca
918 1034 1029 1108 fuerit
1054 1036 1144 1108 anti·

9 1163 11 1168 ’
48 1165 172 1263 quior,
194 1162 326 1236 Latina
344 1177 494 1264 postero
513 1153 661 1233 demum
674 1175 841 1262 tempore
855 1160 901 1232 ab
914 1159 971 1232 his
984 1155 1146 1231 adhibita

48 1289 102 1375 sit,
116 1285 346 1388 Graecorum
352 1285 678 1386 Romanorumque
686 1286 850 1386 inprimis
858 1285 1023 1386 potentia
1037 1297 1146 1384 atque

47 1408 256 1486 eruditione
269 1413 380 1512 magia
393 1413 578 1511 magisque
590 1433 659 1511 per
669 1406 813 1482 Italiam
825 1406 1080 1484 invalescente.
1148 1409 1150 1418 ’

149 1535 202 1608 Π.
239 1535 291 1608 At
314 1538 345 1606 si
371 1536 453 1634 quis
477 1548 688 1633 propterea,
718 1529 820 1632 quod
847 1529 1047 1632 aliquando
1070 1546 1147 1605 tota

46 1655 155 1729 Italia
182 1658 355 1730 utebatur
382 1655 604 1746 litteratura,
642 1679 736 1756 qnae
766 1651 812 1726 ad
841 1654 1032 1726 Etruscam
1059 1681 1147 1756 pro-

46 1783 147 1852 xime
173 1777 387 1872 accedebat,
416 1805 531 1881 porro
556 1775 766 1869 contendit,
794 1792 910 1850 totam
933 1776 1078 1850 Italiam
1102 1778 1148 1849 ab
1209 1773 1212 1780 ’
1321 1775 1323 1786 ’

48 1905 212 1978 Etruscis
244 1930 323 1978 eam
352 1919 553 1981 mutuatam
586 1927 682 1993 esse,
717 1926 967 2005 praepropere
999 1903 1030 1976 is
1058 1899 1150 1990 mihi

47 2036 167 2129 agere*¹
193 2025 350 2102 videtur.
423 2027 572 2102 Etenim
612 2027 787 2100 Etruscae
825 2007 899 2129 ipsi
933 2021 1147 2128 pronuntia·
1183 2071 1185 2082 =

48 2155 144 2226 tioni
187 2152 378 2226 Etruscam
415 2151 656 2227 litteraturam
698 2150 808 2228 fuisse
852 2153 1148 2226 convenientissi-

49 2301 161 2367 mam,
192 2275 405 2380 litterasque
434 2305 469 2369 ο,
492 2279 527 2368 b,
549 2277 588 2369 d,
612 2301 651 2374 g,
679 2303 717 2380 q,
748 2275 796 2350 al.
826 2302 890 2350 eos
915 2302 1037 2378 neque
1061 2279 1148 2349 scri·

48 2403 164 2502 psisse
184 2427 306 2502 neque
325 2404 596 2504 pronuntiasse,
625 2426 753 2474 omnes
772 2425 843 2500 pro
869 2416 971 2475 certo
997 2400 1147 2494 habent,

49 2541 130 2598 tum
164 2521 266 2624 quod
299 2526 554 2624 inscriptiones
591 2547 668 2595 non
703 2521 895 2612 exhibent,
914 2539 1015 2604 ,tum
1049 2523 1149 2625 quod

49 2661 193 2724 veteres
202 2645 267 2744 (⁶³)
291 2671 441 2748 quoque
461 2648 531 2748 ipsi
551 2644 725 2720 referunt.
779 2643 926 2737 Umbri,
950 2649 1063 2738 aiunt,
1088 2651 1151 2748 qui
1227 2685 1233 2689 -

50 2849 170 2931 quidem
183 2870 270 2934 agere
284 2847 426 2926 videmur,
446 2845 470 2910 si
483 2847 513 2908 in
526 2845 636 2909 Latinis
650 2859 680 2908 et
694 2830 1029 2928 Oscisinseriptionibus
1043 2846 1152 2928 ubique

52 2948 87 3016 Μ
102 2952 217 3034 signum
229 2973 283 3033 per
295 2975 325 3009 m
338 2951 463 3011 litteram
477 2949 711 3032 prdnuntiamus;
729 2949 805 3010 inira
819 2949 896 3010 enim
909 2948 1080 3026 videbimus,
1098 2969 1152 3009 ne-

51 3073 111 3134 que
129 3052 281 3128 Latinam,
292 3073 389 3133 neque
409 3052 515 3120 Ossam
532 3053 724 3114 litteraturam
741 3077 757 3111 s
775 3051 891 3112 litterae
910 3045 944 3116 Μ
963 3052 1078 3148 signuni
1097 3075 1152 3112 un·
1265 3069 1271 3080 “

52 3177 138 3237 quam
156 3154 299 3215 babuisse.
332 3153 423 3228 Quod
441 3175 514 3216 vero
532 3175 601 3216 suae
619 3173 733 3216 eansme
752 3166 955 3238 argumentum
968 3154 1023 3216 sibi
1035 3155 1153 3236 petiisse

52 3258 170 3320 videtur
188 3255 394 3318 Muellerus
413 3277 449 3317 ex
468 3255 553 3318 Oscis
569 3253 725 3318 mimorum
743 3255 981 3337 inscriptionibus
994 3257 1153 3317 desinenti-

53 3359 105 3422 bus
124 3359 156 3419 in
175 3383 228 3418 -or
247 3357 294 3420 vel
313 3383 379 3435 -ur,
402 3379 476 3441 quae
490 3381 555 3421 cum
568 3357 629 3420 aliis
642 3372 752 3450 tantum
765 3357 877 3439 possint
888 3357 1032 3418 alternare
1050 3357 1082 3416 in
1100 3382 1152 3416 -os

53 3463 100 3524 vel
120 3487 187 3539 -us,
208 3462 244 3522 de
265 3481 299 3522 ea
315 3483 435 3543 quoque
455 3481 489 3523 re
509 3461 578 3544 quid
597 3459 782 3522 iudicandum
801 3459 849 3536 sit,
869 3457 927 3521 alio
944 3458 1013 3521 loco
1031 3458 1153 3521 demon-

53 3563 215 3626 strabimus.
360 3627 362 3638 χ

105 3665 168 3745 (67)
194 3672 302 3740 Suggrb
314 3665 352 3726 T.
360 3661 400 3726 ll.
414 3663 472 3727 tab.
480 3681 510 3727 x.
523 3687 553 3726 n.
561 3678 589 3728 3.

106 3767 168 3846 (⁶⁸)
193 3775 287 3831 Prisc.
301 3769 326 3829 1.
339 3789 369 3850 p.
378 3779 445 3830 553:
466 3767 605 3830 Etruscos
624 3785 686 3828 non
702 3791 720 3827 ο
738 3765 865 3828 litteram
883 3765 1027 3830 babuisse.
1058 3766 1153 3828 Ptin.

56 3873 95 3929 H.
105 3875 141 3928 N.
151 3869 207 3946 ΙΙΙ,
222 3877 268 3934 16:
283 3869 394 3954 Oppidi
406 3870 570 3930 'ruscorum
583 3870 695 3948 Arnus,
706 3889 723 3930 a
736 3891 795 3952 quo
809 3872 983 3930 Atriatr'rum
994 3889 1074 3930 mare
1086 3879 1154 3944 ante

54 3969 265 4054 adpellabatur‚
283 3973 362 4053 quod
380 3993 458 4032 nunc
476 3973 667 4032 Adrrber'cwn.
693 3973 803 4032 Varro
823 3975 857 4031 L.
870 3977 905 4033 t.
919 3985 947 4049 5,
960 3973 991 4033 lt:
1013 3975 1104 4028 nus
1117 3969 1153 4032 ab

54 4093 105 4152 eo,
126 4073 206 4156 quod
225 4073 315 4135 Tusci
332 4082 412 4152 Itur,
436 4073 482 4135 vel
501 4074 598 4156 potius
616 4073 696 4154 quod
714 4073 814 4134 Sabini
830 4079 921 4132 Emis
940 4071 1049 4132 dicunt.
1080 4073 1153 4133 Ma-

55 4176 156 4240 crob.
170 4179 238 4236 Sus¹
250 4175 276 4252 1,
290 4186 334 4240 15.
357 4183 463 4237 Iduum
483 4197 592 4240 nomen
611 4196 628 4238 a
645 4173 762 4253 Tuscis,
776 4174 865 4257 ¹apud
884 4195 958 4255 qnos
974 4173 999 4236 is
1019 4173 1081 4236 dies
1100 4182 1153 4236 Itr's

57 4291 189 4342 vocatur.
712 4291 714 4298 ’
