2702 4980
712 307 793 394 100

205 485 381 578 Omnium
397 505 507 604 igitur
523 500 731 582 tabularum
748 525 940 576 recensum
964 498 1064 574 hunc
1088 499 1131 570 in
1159 489 1306 568 modum

203 625 370 730 proferre
397 625 500 700 licet:

541 749 608 822 Ia.
666 748 836 852 Dempst.
864 746 918 824 IV
930 753 963 822 b.
1075 699 1077 709 λ

869 871 970 948 IVa.
991 986 993 989 .

315 2293 390 2388 Qui
415 2309 536 2366 autem
561 2291 642 2366 fieri
668 2297 851 2395 potuerit,
879 2309 1019 2366 uttam
1046 2291 1198 2367 diversis
1226 2263 1313 2363 temL

208 2420 365 2526 poribus
396 2417 557 2520 singulae
587 2418 872 2492 inscriberentur
902 2414 1067 2507 tabulae,
1100 2413 1171 2489 hac
1205 2413 1251 2487 dc
1275 2437 1333 2488 re

214 2547 332 2648 aptius
356 2543 428 2618 alio
455 2542 541 2616 loco
568 2538 845 2646 disputabimus.

318 2977 443 3072 Quum
468 2981 541 3050 iam
566 2977 786 3054 absolverim
810 2981 967 3082 primam
982 2975 1199 3080 particulam
1217 2999 1315 3048 com·

215 3104 447 3190 mentationis
473 3098 520 3172 de
547 3101 700 3176 Tabulis
717 3103 933 3205 Eugubinis‚
964 3114 1074 3204 quam
1098 3115 1214 3174 totam
1241 3115 1333 3169 non*

216 3228 320 3302 licuit
343 3224 404 3300 hie
421 3223 613 3328 proferre„
630 3227 762 3300 iuverit
777 3243 913 3319 tamen,
942 3241 1142 3299 ceterarum
1159 3223 1319 3322 partium

218 3351 505 3454 designationem
530 3363 628 3422 certe
659 3364 696 3422 et
721 3325 1016 3450 argumentorum
1042 3344 1318 3447 dispositionem

217 3476 393 3550 attulisse.
446 3472 653 3576 Apparebit
677 3470 776 3565 inde,
810 3475 1025 3574 neutiquam
1049 3467 1088 3544 id
1113 3468 1205 3542 mibi
1230 3495 1314 3542 oon-

218 3598 339 3671 silium
355 3597 479 3689 fuisse,
508 3613 550 3671 ut
566 3599 905 3700 interpretationem
929 3599 1107 3686 omnium,
1135 3593 1197 3670 vel
1214 3597 1316 3668 etiam

218 3719 480 3826 plurimorum,
516 3747 609 3822 qnae
635 3725 675 3795 in
699 3721 833 3796 tabulis
858 3721 1094 3811 exhibentur,
1123 3720 1316 3794 verborum

221 3845 405 3921 efficerem
435 3887 476 3902 -
512 3869 634 3946 neque
669 3849 767 3922 enim
793 3843 979 3923 divinandi
1004 3843 1095 3918 mihi
1119 3846 1312 3945 ingenium,

221 3996 290 4045 nec
315 3966 469 4044 ludendi
496 3962 551 4044 est
572 3971 716 4077 ¹animus
746 4013 787 4029 -
818 3968 882 4044 sed
908 3984 962 4061 ut,
998 3967 1222 4072 amplissimo
1250 3965 1314 4038 hoc

222 4109 461 4170 monumento
489 4120 600 4197 quam
616 4096 881 4170 accuratissime
897 4087 1155 4195 'pervestigatm
1182 4113 1312 4194 propo-

129 4213 132 4217 ’
218 4219 368 4312 nerem,
404 4201 482 4294 tum
515 4243 608 4322 quae
641 4216 687 4294 de
713 4217 889 4294 Umbrica
914 4215 1037 4318 lingua
1062 4242 1130 4319 per
1155 4241 1212 4307 se,
1244 4231 1315 4288 tum
