2694 4978
739 357 889 466 18‘

212 576 425 650 sertationes
451 554 587 645 Italico
610 567 769 682 redditas
796 575 961 665 inseruit,
976 607 980 614 ’
995 539 1080 651 cum
1105 599 1169 648 aua
1190 589 1315 648 tamen

79 714 84 726 '
213 697 461 788 adnotatione,
494 698 535 769 in
568 721 641 797 qua
672 721 788 797 quum
818 695 887 770 alia
913 696 1140 800 Bourguetio
1172 699 1316 814 prolata

211 819 396 914 emendet,
429 823 571 924 primus
591 817 658 918 (⁴²)
684 821 793 894 etiam
818 818 923 914 vidit,
956 840 1169 925 comparato
1199 850 1315 898 numo

211 949 462 1050 Iguvinorum,
493 969 603 1046 quem
621 939 720 1045 apud
739 942 1002 1048 Dempsterum
1015 945 1081 1046 (4³)
1101 973 1316 1050 repraesen-

212 1088 329 1146 tatum
344 1067 460 1159 vides,
483 1094 614 1144 vocem
630 1070 669 1140 in
688 1067 823 1142 tabulis
841 1068 1190 1172 frequentissimam:
1217 1070 1317 1145 lku-

130 1191 137 1200 ’
212 1201 332 1286 vina,
369 1193 547 1268 liovina
579 1217 658 1265 non
688 1219 773 1265 cum
806 1192 1031 1294 Bourguetio
1063 1183 1320 1299 erplicandam

213 1335 309 1395 esse:
332 1322 510 1408 iuventus,
532 1313 597 1390 sed
616 1311 662 1388 ad
679 1318 795 1418 ipsam
813 1317 944 1390 urbem
956 1317 1194 1419 Iguviuorum
1210 1345 1320 1422 spec.

213 1461 304 1534 tare,
331 1445 381 1516 ita
405 1456 448 1515 ut
472 1443 545 1514 iam
570 1466 648 1514 non
672 1438 829 1542 amplius
846 1441 1075 1543 Eugubinae,
1104 1441 1168 1518 sed
1193 1445 1321 1545 Iguvi-

213 1593 281 1642 uae
301 1565 486 1670 appellari
511 1567 704 1668 potuerint
726 1563 887 1640 tabulae

256 1699 258 1710 ⁴
313 1692 443 1792 Longe
461 1677 646 1765 severiore
663 1691 811 1790 ingenio
831 1687 973 1764 accedit
991 1687 1037 1764 ad
1059 1715 1139 1764 rem
1155 1687 1249 1762 Mas
1250 1688 1270 1762 f
1273 1715 1320 1764 e·

213 1821 281 1890 ius
305 1819 346 1890 in
366 1813 697 1890 observationibus
714 1811 918 1888 Litterariis
936 1811 1019 1912 (⁴⁴),
1045 1818 1112 1916 qui
1132 1817 1321 1888 acerrimis

213 1967 313 2029 sane,
340 1961 462 2038 neque
489 1960 579 2011 vero
605 1935 742 2036 iniquis
761 1937 868 2006 armis
888 1938 1078 2036 impugnat
1094 1936 1175 2009 illas
1194 1938 1320 2010 Bour-

211 2064 339 2164 guetii,
362 2058 470 2134 Gorii
488 2057 651 2132 inficetas
669 2056 947 2151 hariolationes,
965 2055 1222 2161 permultaque
1242 2058 1324 2134 dis-

212 2201 331 2293 putat,
354 2180 454 2258 unde
472 2208 559 2259 vere
578 2185 744 2256 criticum
762 2207 847 2256 eum
866 2207 1087 2285 cognoscere
1104 2186 1235 2286 possis.

212 2367 215 2374 .
315 2307 445 2384 Paucis
472 2309 576 2382 annis
602 2321 691 2410 post
714 2307 927 2384 subsecutio
954 2321 1009 2381 est
1032 2308 1094 2382 Io.
1113 2307 1319 2401 Lamina,

215 2433 261 2509 de
280 2458 370 2538 qu0,
391 2457 507 2533 quum
519 2430 678 2509 Litteras
698 2433 774 2506 eius
790 2427 1158 2530 Gualfondianas(⁴⁵)
1173 2436 1321 2508 a.1742

214 2564 254 2633 in
271 2558 392 2633 lucem
415 2552 529 2629 editas
549 2557 620 2658 ipsi
644 2553 735 2627 mibi
759 2551 976 2657 inspiciendi
1001 2558 1109 2658 copia
1134 2581 1211 2630 non
1234 2555 1321 2629 fue-

214 2687 274 2776 rit,
308 2681 488 2782 relegasse
512 2679 650 2755 iuvabit
676 2675 722 2750 ad
739 2663 927 2752 'Lanzium
943 2675 1024 2777 (⁴⁶),
1058 2683 1122 2780 qui
1146 2679 1246 2752 huuc
1270 2679 1322 2752 li-

214 2810 324 2880 brum
351 2801 488 2877 iudicat
520 2827 609 2891 „un
635 2824 748 2900 opera
772 2799 861 2874 satta
885 2825 954 2902 per
979 2803 1132 2902 giuoco;
1162 2829 1221 2875 ma
1247 2802 1323 2878 che

82 2966 86 2976 ·
214 2931 385 3002 contiene
411 2926 541 2998 ottiu're
566 2920 759 2998 riflessioni
785 2948 806 2997 e
831 2927 1117 3026 ingegnosissimi
1142 2927 1320 3027 rariocinj

214 3079 258 3126 su
282 3051 320 3125 la
344 3049 467 3150 lingua
494 3045 684 3122 etrusca.''
1089 3055 1091 3058 ’

253 3231 275 3274 ,
316 3174 498 3268 Maiorem
530 3168 699 3244 adsecuta
729 3188 814 3246 sunt
840 3171 1089 3246 celebritatem
1113 3189 1223 3275 atque
1250 3203 1318 3249 au·

85 3327 89 3334 ·
215 3303 434 3388 ctoritatem,
465 3319 558 3398 quae
583 3310 708 3368 nostra
728 3297 766 3367 in
790 3321 911 3368 caussa
932 3298 1016 3368 satis
1036 3298 1206 3399 copiosus
1225 3325 1318 3400 pro-

217 3481 383 3546 Oiivieri
401 3504 489 3556 sopra
506 3487 608 3540 alcuni
622 3488 801 3540 mnuments'
810 3486 933 3572 Pelasgi
942 3487 1047 3542 diretta
1059 3491 1092 3542 al
1103 3488 1164 3555 Sr'e.
1178 3489 1318 3544 Marcello

216 3590 411 3644 Francmrtni.
430 3587 645 3649 pessimitos.

203 3751 206 3756 .
248 3685 332 3766 ,(12)
358 3692 440 3764 r·1⁷·

268 3786 331 3866 (43)
357 3789 423 3845 Etr.
436 3790 508 3856 Reg.
521 3783 579 3844 tab.
587 3801 652 3862 mx,
661 3787 688 3846 1.

268 3888 332 3967 (tt)
360 3876 561 3945 Ossewaxrbna'
568 3891 735 3954 Laterarrb,
751 3895 802 3946 else
810 3912 935 3964 persono
948 3887 1038 3946 servii·
1048 3895 1081 3948 dt
1094 3894 1316 3950 Communem

216 4001 249 4051 al
264 3995 387 4052 Garnae
396 3997 440 4048 de’
450 3992 629 4048 honeratis?
644 3995 741 4050 balb.
757 3989 795 4052 T.
802 3991 839 4051 V.
865 3997 897 4048 in
909 3997 1023 4050 Verona
1036 4001 1115 4060 1739.
1132 3991 1228 4054 NL
1240 3992 1315 4055 ibid.

219 4095 299 4160 etto.
317 4091 394 4154 vide
406 4090 540 4174 inprimis
550 4091 641 4152 ΤΝΙ.
654 4102 738 4173 pas.
750 4103 832 4171 usqe
1164 4141 1168 4146 .

267 4194 330 4273 (4⁵)
354 4199 466 4254 teum
482 4198 695 4271 Gualsondiane
707 4201 755 4252 dei
765 4198 871 4265 Stknor
884 4191 1075 4260 Clemente
1087 4195 1182 4258 Bini.
1203 4197 1284 4261 1742.

267 4295 330 4376 (46)
354 4301 462 4369 Sauro
474 4303 507 4356 di
515 4299 710 4374 torquato.
723 4295 761 4358 Τ.
767 4296 793 4360 1.
807 4309 945 4379 p.11.1e.
