2694 4978
209 601 266 650 res
292 575 495 652 litterarum
522 573 681 652 Cadmus
706 599 751 658 ex
774 575 962 652 Phoenice
987 582 1027 654 in
1054 577 1244 658 Graeciam
1268 601 1306 659 et

208 699 378 776 Evander
407 701 460 774 ad
481 727 546 775 nos
574 699 884 776 transtulerunt.’'
914 745 955 764 -·
997 701 1103 778 Nihil
1127 709 1235 808 igitur
1260 705 1304 783 de
1330 738 1331 758 ¹

207 825 384 930 peculiari
400 825 640 899 Etruscorum
662 823 859 929 adeptione
884 824 1107 904 litteraturae
1124 859 1304 907 memora·

206 966 280 1043 tur,
314 952 384 1024 nisi
409 952 448 1022 in
473 949 540 1023 illo
567 949 686 1024 Taciti
711 949 811 1043 locu,
846 954 910 1054 qui
934 951 1095 1027 Etmscis
1121 954 1196 1030 alio
1224 962 1306 1060 qui·

207 1073 305 1168 dem,
334 1071 398 1148 sed
423 1073 540 1149 multo
564 1067 770 1178 posteriore
795 1090 964 1180 tempore
987 1076 1227 1154 litteraturam
1253 1082 1307 1156 al·

205 1198 316 1274 latam
340 1197 466 1291 refert,
496 1225 608 1302 quam
633 1199 712 1274 aliis
736 1199 862 1275 Italiae
886 1201 1050 1304 populis.
1316 1217 1323 1236 ’

304 1323 372 1396 ΙΠ.
396 1321 538 1398 Atvero
560 1339 700 1398 exstant
718 1341 816 1399 certe
836 1323 1077 1419 Umbrorum,
1106 1323 1306 1421 Oscorum,
1331 1303 1332 1306 Ἴ

205 1463 316 1550 atque
334 1445 395 1523 vel
413 1447 653 1522 Etruseorum
678 1465 915 1535 monumenta
934 1448 1064 1525 Latine
1089 1455 1237 1554 scripta,
1268 1457 1308 1526 in

205 1571 352 1674 quibus,
390 1597 480 1673 quas
505 1572 660 1648 Etrusca
690 1576 824 1677 scripta
849 1599 926 1649 non
952 1575 1125 1650 exhibent
1148 1575 1306 1669 litteras,

202 1693 302 1770 haud
339 1719 424 1769 raro
461 1686 716 1775 inveniuntur:
761 1725 886 1803 neque
924 1725 1148 1803 quemquam
1180 1701 1310 1804 fugere

204 1834 340 1924 potest,
360 1845 438 1894 non
452 1845 529 1894 esse
542 1824 742 1923 scripturae
754 1843 1020 1923 supervacanea
1032 1839 1177 1898 tantum
1189 1829 1306 1928 signa,

203 1942 267 2018 sed
286 1947 395 2018 etiam
414 1946 453 2016 in
471 1946 773 2046 pronuntiatione
791 1960 981 2045 usurpatas
1005 1944 1158 2038 litteras,
1190 1977 1312 2048 quum

203 2070 309 2142 certis
326 2066 468 2169 legibus
487 2051 693 2142 teneantur.
720 2109 761 2124 -
789 2065 918 2168 Itaque
939 2069 1191 2168 pronuntiatio
1214 2071 1314 2143 olim

203 2192 273 2266 fuit
302 2191 373 2266 alia
404 2207 515 2293 atque
547 2207 690 2293 postea.
743 2188 793 2261 Et
827 2186 916 2291 quid
949 2187 1098 2288 tandem
1128 2183 1309 2294 impedit,

204 2321 399 2420 quominus
412 2312 613 2400 credamus,
634 2311 861 2386 Umbrorum
878 2311 1077 2417 aliquando
1090 2339 1169 2390 non
1187 2320 1311 2421 scrip·
1334 2407 1335 2422 χ

202 2457 321 2516 turam
341 2453 496 2532 tantum,
522 2429 717 2548 sedetiam
733 2435 895 2540 linguam
914 2463 992 2513 non
1011 2466 1045 2532 o,
1070 2463 1149 2514 non
1163 2465 1202 2539 g,
1225 2467 1311 2517 non

114 2629 116 2634 ,
203 2565 290 2641 alias
307 2563 491 2674 admisisse
508 2559 672 2636 litteras?
697 2559 758 2636 An
776 2561 858 2638 talis
874 2567 1123 2640 conversionis
1140 2564 1307 2668 linguae,

114 2706 117 2714 '
204 2718 277 2797 qua
300 2690 489 2766 subtiliora
508 2690 818 2789 pronuntiationis
843 2685 1049 2762 discrimina
1073 2687 1134 2765 vel
1159 2691 1310 2802 alsiece-
1335 2691 1336 2724 '

103 2807 105 2812 ¹
201 2822 261 2907 rit,
276 2813 345 2888 rel
363 2814 555 2912 receperit,
586 2807 719 2884 desunt
739 2814 860 2884 omnia
882 2809 1212 2885 Grammaticorum
1228 2830 1309 2887 tes·

201 2938 366 3028 timonia,
399 2933 461 3011 vel
493 2933 645 3008 aliarum
669 2933 875 3036 linguarum
900 2934 1091 3037 exempla,
1114 2933 1175 3010 vel
1199 2937 1308 3038 ipso-

200 3084 283 3136 rum
314 3057 474 3162 denique
503 3061 828 3134 monumentorum
847 3054 1019 3138 indicia?
1054 3055 1222 3162 Agedum
1247 3065 1306 3136 vi-

202 3184 349 3261 deamus
374 3183 444 3258 hac
470 3182 516 3258 de
541 3207 595 3258 re.

214 3319 227 3348 ⁶
306 3313 344 3408 1)
372 3306 494 3403 Quem
513 3333 623 3410 supra
647 3309 719 3380 iam
743 3304 959 3380 adduximus
978 3303 1152 3406 Brisciani
1176 3306 1306 3382 locum

181 3433 248 3508 1de
274 3461 296 3507 o
321 3434 443 3508 littera
468 3433 631 3507 Etruscis
656 3433 837 3523 inusitata,
866 3433 1048 3532 integrum
1061 3433 1145 3505 'iam
1171 3431 1303 3506 affera-

200 3585 300 3634 mus:
332 3561 404 3650 „0
422 3557 565 3661 aliquot
582 3555 710 3630 Italiae
728 3557 903 3648 civitates,
925 3557 988 3648 ait,
1015 3570 1108 3634 teste
1126 3553 1299 3648 Plinio,

201 3687 279 3762 non
296 3681 495 3772 habebant,
521 3677 585 3755 sed
604 3680 691 3755 loco
712 3682 790 3754 eius
809 3681 1001 3782 ponebant
1013 3685 1064 3772 V,
1091 3694 1128 3753 et
1145 3685 1304 3753 martine

208 3810 334 3884 Umbri
348 3821 385 3880 et
403 3801 589 3879 Thusci.'’
626 3805 837 3878 Inter'olsbs
861 3808 968 3904 igitur
985 3804 1135 3905 populos
1159 3802 1304 3878 disertis

201 3933 322 4010 verbis
345 3930 406 4004 hic
431 3932 585 4003 maxime
610 3943 784 4003 notantur
803 3931 928 4005 Unsbn'
951 3943 987 4001 et
1006 3925 1157 4020 Thusci,
1188 3931 1252 4030 qui
1268 3931 1303 4002 0

201 4057 361 4133 litteram
380 4079 459 4130 non
475 4050 699 4128 admiserint.
740 4049 849 4148 Quae
871 4050 1021 4156 quidem
1039 4049 1151 4128 Plinii
1174 4037 1299 4127 obser-

201 4185 312 4274 vatio,
346 4207 460 4284 quum
484 4177 530 4254 ad
556 4203 636 4254 eam
660 4175 889 4253 Umbrorum
914 4174 1123 4270 dialectum,
1153 4176 1300 4280 qualem

201 4309 241 4382 in
260 4304 392 4382 Latine
417 4305 560 4406 scriptis
584 4301 719 4395 tabulis
743 4305 957 4405 reperimus,
986 4327 1064 4377 non
1089 4305 1295 4394 conveniat,
