2694 4978
68 584 654 818 anonuurnnollb
695 712 1119 822 urrunnun

377 883 820 988 srncumaun.
855 989 860 998 ,

522 1111 677 1134 'mnan—*²⁸*

34 1269 129 1391 lam
149 1321 180 1392 si
196 1311 256 1390 cui
271 1316 365 1391 han'c
381 1343 498 1392 meam
514 1323 730 1396 sententiam
746 1313 792 1392 de
810 1315 1037 1392 Umbrorum
1050 1317 1146 1392 litte·

34 1457 167 1516 ratura
186 1444 351 1516 universa
370 1445 545 1544 persuasi,
568 1445 598 1516 is
616 1442 768 1518 fortasse
781 1467 859 1518 non
872 1447 1077 1534 miraretur,
1101 1445 1144 1532 si,

36 1563 150 1667 quod
177 1563 223 1637 ad
241 1565 383 1637 tabulas
401 1567 610 1666 Engubinas
629 1570 771 1656 attinet,
800 1571 952 1638 omnino
973 1563 1148 1668 deinceps

35 1687 306 1790 distinguerem
323 1690 419 1761 inter
431 1689 583 1762 Etrusca
604 1704 713 1791 atque
726 1687 857 1761 Latine
875 1692 1025 1790 scriptas
1041 1690 1147 1762 tabu·

34 1813 111 1904 las,
137 1836 300 1886 seorsum
319 1827 510 1914 utramque
524 1815 738 1914 scripturam
750 1827 984 1915 pertractans.
1011 1811 1149 1888 Verum

35 1953 170 2010 tamen
196 1959 240 2009 ex
261 1937 444 2027 omnibus,
475 1962 567 2038 quae
591 1953 806 2039 sequuntur,
835 1936 1042 2038 apparebit,
1071 1961 1149 2010 non

36 2076 119 2138 tam
140 2075 358 2162 perpetuam
378 2048 662 2150 distinctionem,
686 2087 795 2163 quam
815 2076 1032 2167 perpetuam
1046 2086 1147 2134 com-

39 2187 275 2286 parationem
306 2209 391 2259 vere
423 2201 461 2258 et
490 2188 597 2277 unice
628 2185 853 2260 fructuosam
885 2211 980 2277 esse,
1017 2201 1054 2260 et
1079 2188 1149 2258 nisi

39 2325 178 2410 magno
200 2335 284 2381 cum
302 2306 522 2383 detrimento
547 2334 626 2383 non
649 2336 758 2412 posse
784 2315 964 2412 segregari
988 2307 1145 2400 tabulas,
1245 2371 1248 2376 .

41 2459 139 2535 quae
160 2419 324 2506 eiusdem
339 2433 472 2535 populi
492 2449 529 2506 et
546 2433 607 2507 vel
621 2432 788 2533 eiusdem
805 2436 907 2506 urbis
924 2433 1060 2534 lingua,
1084 2430 1148 2506 sed

42 2554 192 2632 diverso
211 2559 434 2656 perscriptae
453 2558 525 2626 sint
542 2569 722 2654 tempore,
751 2558 801 2626 ita
818 2569 865 2626 ut·
879 2555 941 2630 vel
958 2554 1149 2628 historiam

39 2679 192 2780 linguae
210 2677 408 2752 Umbricae
429 2677 658 2780 aliquatenus
678 2674 764 2750 inde
784 2699 1005 2778 cognoscere
1031 2681 1147 2779 possi·

40 2829 142 2894 mus,
164 2800 202 2875 id
223 2800 324 2903 quod
344 2806 490 2875 maximi
508 2803 616 2875 nobis
637 2815 691 2874 est
707 2804 897 2876 momenti.
931 2799 1149 2875 Adscribam

41 2931 157 3030 igitur
181 2926 336 3028 singulas
356 2926 507 3018 litteras,
538 2924 664 3028 quales
684 2925 985 3028 Dempsterianae
1010 2929 1148 3029 quippe

43 3053 312 3124 accuratissime
339 3065 502 3126 exaratae
527 3049 673 3124 tabulae
700 3048 891 3142 exhibent,
929 3056 1148 3154 comparatis

42 3193 171 3250 tamen
197 3177 306 3247 etiam
332 3173 430 3265 aliis,
463 3199 557 3276 quae
583 3177 706 3251 iuvare
731 3172 919 3267 videntur,
954 3175 1144 3278 exemplis,

44 3317 87 3374 ut
118 3298 281 3373 Goriana
313 3314 422 3400 atque
450 3299 668 3374 Gruteriana
698 3296 852 3374 tabula„
890 3300 983 3372 Eam
1014 3302 1147 3399 cuique

46 3429 151 3527 signo
170 3419 372 3496 adscribam
390 3421 558 3496 Latinam
582 3423 752 3514 litteram,
783 3447 876 3523 quae
902 3423 941 3493 in
965 3423 1052 3523 ipsis
1070 3422 1146 3495 Eu-

46 3551 191 3650 gubinis
226 3547 360 3632 tabulis
390 3546 521 3622 Latine
552 3550 694 3649 scriptis
726 3549 760 3618 ei
790 3543 1021 3648 respondet.'
1063 3543 1147 3642 Qua

49 3669 198 3774 quidem
217 3674 490 3773 comparatione
513 3697 734 3772 quamquam
758 3668 1002 3774 plurimorum
1024 3674 1146 3774 signo·

48 3823 130 3868 rum
151 3799 258 3869 etiam
277 3797 529 3899 pronuntiatio
548 3794 654 3868 facile
674 3797 752 3869 erui
772 3790 884 3898 posse
906 3792 1063 3888 videtur,
1091 3811 1145 3870 ta·

50 3945 135 3993 men
153 3945 231 3994 non
250 3945 413 4022 possum,
444 3921 533 4019 quin
562 3915 609 3992 de
636 3919 887 4022 compluribus
913 3923 1022 4022 signis
1047 3933 1146 3994 recte

49 4042 211 4156 legendis
244 4042 331 4146 quid
363 4046 528 4134 sentiam,
563 4047 762 4118 accuratius
788 4040 922 4117 deinde
948 4068 1142 4144 exponam,

50 4196 167 4272 quum
195 4165 301 4244 ealda
332 4169 511 4242 absonum
536 4165 719 4261 videatur,
753 4192 882 4272 vocem
912 4165 1008 4256 velle
1034 4169 1143 4243 inter-

50 4295 203 4396 pretari,
240 4315 333 4395 quae
363 4291 452 4394 legi,
469 4318 546 4367 non
578 4307 720 4395 potest,
755 4306 864 4395 atque
896 4317 1010 4395 quum
1039 4291 1146 4369 valde
