2694 4978
583 387 612 472 9

151 582 373 658 Memorem
390 575 717 656 auenrdetsbulis
728 577 1145 685 primnsallnffeio(¹⁸)
1207 637 1209 642 -

52 705 186 782 dicitur
203 705 451 808 Stephanus
469 702 781 779 Cremonensis
799 701 935 778 inVita
946 702 1153 780 subsidi.

55 829 176 924 Quem
192 830 328 904 librum
347 855 461 931 quum
476 829 548 930 ipsi
565 824 656 900 mihi
681 823 860 930 inspicere
886 853 960 902 non
988 828 1144 924 licuerit,

54 958 171 1028 statim
201 977 317 1058 pergo
346 995 388 1013 -
416 968 460 1027 ut
488 966 627 1026 uocem
659 947 706 1024 de
737 953 994 1054 epigrammate
1021 951 1149 1028 Iacchi

55 1077 217 1152 Taurelli
230 1077 296 1176 (¹⁹)
314 1121 356 1136 -
378 1073 424 1151 ad
444 1073 662 1179 opusurlum
677 1073 864 1176 Augusti
881 1073 1066 1152 Steuchi
1081 1075 1147 1176 (²⁰)

52 1202 250 1304 Eugubini‚
273 1201 450 1305 Episcopi
471 1197 619 1290 Kisami,
644 1195 746 1301 quod
767 1223 812 1273 eo
830 1202 914 1302 ipso
932 1224 1030 1274 anno
1054 1205 1148 1274 1540

50 1328 89 1398 in
107 1325 230 1400 lucem
250 1324 388 1400 editum
406 1341 473 1418 est,
504 1349 579 1426 quo
599 1321 692 1398 duae
708 1321 857 1398 ubuhe
876 1323 1047 1399 Veneties
1065 1327 1149 1400 mis-

50 1475 111 1524 sae
136 1449 316 1538 feruntur.
364 1447 445 1524 Sub
460 1448 575 1523 finem
591 1447 699 1522 huius
717 1446 837 1522 libelli
854 1463 1070 1525 vetustatem
1088 1477 1149 1524 ur-

49 1575 109 1648 bis
124 1572 307 1649 declarare
320 1571 411 1647 dicit
428 1570 695 1664 „Mausoleum
708 1587 808 1644 extra
821 1575 965 1646 moenia
980 1589 1017 1648 et
1030 1565 1149 1648 Thea-

50 1715 170 1772 trum:
196 1714 277 1772 tum
294 1696 489 1796 complures
506 1695 642 1766 tabulas
657 1707 788 1788 aeneas
803 1711 967 1797 repertos
986 1699 1026 1769 in
1043 1701 1148 1799 agris,

50 1821 185 1896 litteris
210 1822 403 1922 incognitis
428 1820 571 1910 incisas,
607 1841 696 1920 ques
720 1815 911 1922 hucusque
936 1818 1058 1922 legere
1082 1849 1150 1925 po-

51 1933 166 2019 tuerit
182 1969 311 2018 nemo:
338 1959 419 2018 tum
439 1943 576 2042 tegulas
592 1943 837 2043 sepulmorum
855 1942 921 2044 (²¹)
947 1946 1078 2019 eisdem
1096 1947 1153 2020 lit-

51 2071 337 2170 teririmpressas
355 2068 401 2140 eb
423 2083 564 2142 aratore
590 2065 797 2142 inventes.‘’
834 2067 1006 2144 Aliorum
1030 2069 1087 2144 his
1106 2069 1152 2145 de

51 2194 165 2267 rebus
196 2195 341 2294 scripta,
374 2208 417 2266 ut
448 2189 639 2276 Gabriello
672 2189 852 2266 Gabrielli
870 2192 1040 2268 -Comitis
1064 2194 1150 2294 (²²),

53 2316 198 2393 Sanctis
214 2315 459 2391 Marmochini
473 2315 553 2415 (²³),
575 2313 708 2420 Pyrrhi
723 2316 864 2419 Ligorii
878 2315 951 2420 (²⁴)
964 2345 1153 2422 nunquam

51 2446 92 2518 in
118 2441 248 2543 vulgus
275 2439 372 2515 edita
397 2437 581 2516 ridentur.

158 2566 236 2640 Iam
268 2567 378 2664 igitur
407 2560 598 2636 Smetius
622 2560 880 2653 nominandus,
914 2568 978 2666 qui
1003 2569 1152 2640 a.1565

106 2875 171 2958 (¹8)
197 2873 296 2936 Mass.
312 2871 377 2936 Oss.
391 2873 469 2934 Leti.
483 2873 558 2935 T.V.
572 2895 601 2956 p.
609 2882 685 2936 330.:
704 2873 731 2934 Il
748 2873 843 2956 primo
857 2872 935 2936 libro
949 2874 1003 2936 che
1017 2875 1045 2936 le
1059 2876 1154 2938 nomi-

52 2997 139 3039 nasse
156 2977 189 3054 lu
202 2986 232 3034 la
247 2984 315 3035 Vna
327 2984 359 3034 di
369 2982 399 3036 S.
414 2981 532 3052 moldo,
551 2977 614 3037 (la'ta
627 2975 712 3053 luorl·
721 2985 768 3036 nel
781 2989 850 3038 1520
865 2976 910 3037 dal
924 2978 1020 3038 Paelre
1033 2985 1154 3056 Stesono

52 3088 87 3139 di
101 3085 252 3154 Cremona,
271 3076 423 3140 Canonico
436 3077 582 3162 regolare,
599 3077 621 3136 il
634 3063 719 3158 quale
731 3088 761 3136 ν’
774 3085 862 3139 inseri
874 3103 984 3140 ancora
996 3089 1062 3158 quel
1069 3107 1154 3157 pezzo

51 3192 133 3244 dello
151 3198 230 3240 terra
247 3189 342 3240 taoolo
358 3189 408 3242 che
425 3186 624 3240 incommincia
641 3187 805 3240 Claoerniur
816 3185 934 3243 Dirsas.

106 3284 171 3364 (1⁹)
197 3283 327 3344 sonas.
346 3281 377 3342 u
393 3281 470 3342 Ado.
486 3263 670 3364 senensis
688 3283 752 3344 ns.
771 3283 846 3370 neg.
864 3297 975 3367 uror..
994 3284 1044 3365 qur
1061 3284 1154 3365 ipsum
1218 3325 1220 3330 .

53 3385 205 3461 exhibuit,
228 3397 295 3444 ante
314 3386 426 3446 a.15l0
449 3383 479 3444 id
502 3385 642 3466 scriptum
661 3405 725 3447 esse
746 3385 966 3446 conclusionem
988 3387 1057 3446 lacit
1075 3386 1156 3466 inde,

53 3489 137 3571 quod
157 3504 264 3562 septem
282 3487 314 3546 in
334 3506 371 3546 eo
392 3487 530 3548 dicuntur
546 3486 662 3548 tabulae
680 3493 812 3546 Etruscis
834 3486 911 3547 notis
930 3500 1068 3548 emretee.

106 3590 171 3672 (2⁰)
196 3593 243 3648 De
262 3593 377 3647 nomine
388 3595 488 3661 Iguoii.
511 3589 658 3673 Lugduni.
675 3577 815 3674 vRepetit.
827 3588 858 3648 in
874 3587 951 3670 Opp.
969 3589 1069 3652 Τ.“ΠΙ.
1087 3590 1155 3654 Par.

54 3703 140 3759 1577.

109 3793 172 3871 (21)
197 3792 292 3869 Nihil,
313 3791 392 3873 quod
411 3792 507 3870 sciam,
526 3792 648 3875 amplius
667 3793 704 3854 de
723 3791 768 3856 his
787 3793 894 3878 tegnlis
913 3795 1052 3858 innotuit.

109 3894 172 3976 (22)
196 3894 313 3980 Flolruit
325 3894 378 3956 suh
393 3895 443 3956 fin.
456 3915 530 3956 saec.
543 3912 594 3956 xv.
613 3894 651 3957 ef.
664 3895 754 3960 Rrec.
769 3896 896 3978 d'opuse.
910 3898 1035 3960 scientis.
1049 3897 1155 3958 T.VII.

54 4001 141 4080 pos.
157 4007 186 4057 et
202 3998 308 4058 Bern.
321 3997 420 4059 Bald.
433 3995 534 4058 Divin.
547 3998 578 4056 in
592 3995 665 4057 Tab.
679 3997 837 4081 Eugubep.
845 4011 871 4060 2.
913 4061 915 4068 ,
999 3983 1005 3990 ⁸

111 4099 173 4179 (23)
199 4099 315 4164 motuis
337 4099 413 4162 circa
436 4100 513 4160 med.
528 4119 601 4160 saec.
615 4116 680 4160 XVI.
700 4112 730 4160 et
749 4101 863 4182 scripsit
880 4100 1039 4184 Dialogum
1058 4100 1157 4186 lingua
1264 4179 1269 4186 Ι

54 4199 230 4266 vernacule:
249 4205 423 4278 Defensrone
435 4211 511 4264 dello
522 4209 624 4274 lingua
637 4207 778 4263 Tuscana.
799 4201 875 4263 Vide
888 4203 1060 4270 Benarni.
1074 4226 1103 4286 p.
1112 4217 1155 4272 29.

111 4305 174 4384 (nl)
200 4302 278 4364 Vide
296 4304 477 4366 Muretori
487 4305 574 4368 Nor.
587 4303 677 4366 Thes.
690 4305 726 4365 T.
734 4305 758 4366 1.
772 4315 853 4386 pos.
