2694 4978
77 529 257 622 concedo,
287 531 498 631 scripturam
517 525 720 608 Romanam
745 542 911 627 tempore
937 550 1045 628 supra
1072 523 1170 597 dicto

79 683 173 746 eam,
203 681 309 756 quam
335 667 461 756 postea
485 648 648 728 videmus
671 652 829 752 speciem
854 646 1026 740 induisse,
1056 647 1170 724 Grae-

79 782 155 852 ciae
181 781 343 880 inprimis
368 774 536 878 adpulsu,
565 772 664 846 idem
688 789 811 846 tamen
836 770 1034 864 contendo,
1065 777 1171 846 exsti-

77 906 162 976 tisse
186 905 258 974 iam
282 901 534 990 litteraturam,
564 896 609 971 ad
636 923 746 1001 quam
766 895 906 970 Graeca
926 899 1088 998 potuerit
1109 923 1171 998 ap-

77 1029 145 1099 tari
165 1025 246 1126 (⁶²),
281 1051 391 1128 quam
416 1013 605 1096 Etruscam
636 1025 754 1125 possis
786 1017 917 1094 eodem
942 1023 1021 1094 iure
1047 1021 1172 1123 appel-

76 1149 170 1241 lare,
217 1175 292 1252 quo
324 1147 551 1222 Umbrorum
583 1143 856 1246 Oscorumque:
898 1169 1020 1246 neque
1052 1160 1190 1218 tamen.

74 1276 193 1375 ipsam
220 1298 300 1346 eam
324 1271 432 1349 fuisse
452 1271 691 1345 Etruscorum
711 1269 962 1361 litteraturam,
994 1295 1087 1370 quae
1109 1295 1172 1342 ne-

75 1422 151 1498 que
177 1398 204 1468 d
229 1422 398 1499 nequeq
430 1421 551 1496 neque
577 1398 598 1468 b
627 1393 789 1504 aliasque
811 1391 999 1467 Romanae
1028 1392 1174 1495 linguae

75 1535 229 1596 noverat
252 1520 403 1611 litteras,
432 1516 497 1591 sed
521 1517 740 1589 simillimam
757 1505 898 1590 tantum
915 1518 1088 1592 Etruscae
1108 1547 1173 1622 pa-

75 1647 167 1715 riter
184 1659 294 1742 atque
312 1644 525 1716 veterrimae
546 1637 722 1714 Graecae:
750 1663 877 1713 verum
895 1642 1002 1711 etiam
1020 1646 1175 1744 scriptu-

77 1790 157 1841 ram
182 1767 426 1838 siuistrorsum
452 1789 593 1840 versam
613 1761 736 1864 fuisse,
764 1778 806 1837 ut
825 1759 923 1865 apud
945 1778 1086 1838 ceteros
1102 1765 1173 1838 Ita-

78 1888 150 1962 liae
167 1888 330 1991 populos
351 1904 387 1962 et
405 1890 617 1964 veterrimos
640 1884 815 1979 Graecos,
845 1889 947 1960 cuius
968 1888 1176 1990 exemplum

5 2049 6 2052 ¹
77 2010 176 2085 haud
203 2016 278 2086 scio
305 2039 351 2086 an
375 2011 534 2114 proferri
558 2013 676 2113 possit
700 2037 844 2102 numus,
881 2036 991 2113 quem
1017 2010 1174 2087 Swinto'-

77 2139 159 2210 nius
173 2137 240 2237 (⁶³)
265 2137 436 2238 vulgavit,
473 2137 574 2208 cuius
603 2133 715 2208 altera
741 2139 780 2208 in
805 2151 910 2238 parte
936 2133 1175 2239 Gorgoneum

79 2264 182 2362 quasi
207 2276 329 2364 caput,
365 2263 404 2350 in
431 2259 542 2334 altera
568 2285 625 2334 res
653 2257 796 2364 depicta
823 2276 890 2353 est,
920 2288 1031 2366 quam
1056 2261 1174 2335 Muel-

128 2519 192 2598 (62)
216 2519 506 2579 Nonnullaelitterae
518 2518 549 2576 in
558 2515 758 2597 antiquissimis
768 2517 1176 2602 Romanorum'inscriptioni-
1270 2509 1274 2518 ’

76 2621 132 2680 bus
145 2617 235 2700 magis
245 2619 388 2680 accedunt
399 2619 435 2680 ad
448 2619 592 2694 Etruscas,
606 2639 690 2698 quam
702 2617 734 2678 in
747 2618 969 2680 recentioribus.
984 2621 1061 2680 Vide
1073 2623 1176 2684 Lana.

78 2723 116 2780 T.
124 2721 149 2780 Ι.
162 2718 220 2780 tab.
229 2735 266 2782 11.
285 2723 320 2781 In
333 2720 528 2783 monumentis
542 2720 687 2802 Scipionis
699 2719 827 2801 Barbati,
839 2719 949 2802 filiique
962 2722 1080 2783 Barbati
1094 2717 1177 2803 b(l)

76 2821 232 2901 scribitur,
253 2823 283 2884 in
302 2824 489 2904 sequentibus
508 2823 592 2884 buius
611 2821 707 2907 gentis
725 2822 863 2904 sepulcris
880 2815 922 2896 l.;
952 2817 973 2888 b
993 2825 1078 2886 etiarn
1097 2826 1178 2888 vides

78 2926 185 2984 Lana.
198 2923 257 2988 tab.
265 2943 301 2987 11.
315 2941 396 2988 n.11.
411 2940 454 2987 12.
470 2927 514 2988 tl.
539 2921 681 2986 Litteram
697 2950 719 2999 p
733 2925 815 3006 (Etr.
825 2920 855 3002 l,
865 2915 905 3002 Ί)
919 2941 1137 3008 repraesentant
1153 2925 1177 2993 Ρ
1215 3001 1217 3006 ,

78 3039 142 3086 tum
160 3025 275 3086 tabulae
287 3023 470 3111 Eugubinae,
488 3039 550 3088 tum
570 3027 672 3088 omn'es
691 3025 756 3088 lere
773 3027 850 3109 apud
862 3004 1001 3090 Lanzium
1012 3030 1127 3093 tabulae
1139 3049 1176 3094 11.

77 3126 292 3208 inscriptiones,
312 3123 387 3194 Ρη.
397 3132 440 3203 tl.
460 3123 500 3192 (ll
515 3127 563 3210 (a)
576 3150 606 3189 n.
615 3142 658 3190 11.
677 3122 751 3193 lun.
760 3141 802 3191 13.
817 3142 847 3190 et
862 3131 894 3190 in
907 3131 1109 3212 antiquissimis
1122 3157 1177 3195 nu-

77 3231 149 3307 mls,
167 3223 199 3296 Α
213 3230 507 3292 T.11.tab.x11.n.2.
522 3236 549 3292 6·
564 3229 606 3291 ef.
620 3231 748 3292 Swlni.
763 3237 810 3290 De
818 3239 908 3307 prisc.
921 3239 1005 3294 Rom.
1019 3242 1074 3294 liet.
1092 3257 1121 3315 p.
1132 3248 1176 3296 10.

79 3331 174 3407 Quod
187 3352 260 3394 vero
274 3333 351 3394 idem
368 3333 418 3394 l.l.
439 3335 475 3394 de
494 3357 511 3393 r
529 3332 625 3394 littera
644 3333 715 3406 olim
730 3355 792 3394 non
806 3321 885 3393 rsed
898 3342 1038 3408 ascripta
1057 3335 1177 3417 conclu-

80 3435 121 3496 dit
134 3456 171 3496 ex
183 3434 324 3496 Prisciani
336 3437 384 3517 (p.
393 3437 471 3516 551.)
483 3434 595 3498 verbis:
613 3455 724 3517 ‚‚saepe
742 3433 938 3496 ascribentes
955 3435 1052 3496 Latini
1070 3437 1145 3500 banc
1161 3463 1178 3498 r

78 3537 177 3599 littera
190 3537 355 3619 exprimunt
367 3559 451 3616 sono,
469 3551 503 3600 ut
514 3537 664 3615 medidies,
683 3536 772 3598 hodie
791 3535 949 3600 meridies”
966 3539 1074 3608 rectius
1088 3539 1178 3603 debe-

79 3636 129 3700 bat
140 3639 318 3724 intelligere.

131 3743 193 3822 (⁶³)
217 3745 446 3802 ramentum.
468 3749 548 3807 1111.
567 3749 648 3823 pst.
661 3751 708 3808 91.
727 3740 823 3804 raus.
841 3753 906 3804 ns.
933 3776 972 3790 -
995 3742 1118 3808 Cautius
1132 3759 1177 3808 ta-

82 3861 150 3902 men
162 3843 333 3924 proferendi
345 3855 413 3906 sunt
425 3842 628 3906 Swintonii
639 3843 730 3922 numi,
745 3867 835 3926 quum
845 3844 1008 3927 saepissime
1017 3847 1179 3930 descripse-

83 3941 131 4020 rit,
145 3965 218 4024 quoe
229 3959 345 4027 praeter
356 3947 450 4028 ipsum
463 3947 551 4006 nemo
565 3967 683 4026 usquam
699 3946 781 4009 vidit.
812 3947 857 4008 Ita
873 3947 952 4009 solus
968 3949 1042 4010 vidit
1057 3971 1177 4012 numum

82 4067 149 4106 cum
168 4047 359 4128 inscriptione
377 4041 622 4133 Vl'l'fiblVD,
645 4069 719 4129 quae
739 4048 845 4111 ceteris
865 4048 896 4109 in
915 4049 1050 4112 omnibus
1069 4051 1178 4136 legitur

82 4139 309 4221 ψΙνΞΤΕΙ.
329 4149 368 4213 11.
386 4169 459 4232 quae
472 4151 516 4230 ,aa
533 4150 596 4213 am
610 4151 672 4214 uus
689 4153 783 4214 sums
795 4150 903 4214 {aaut
920 4150 1027 4214 nest.
1041 4154 1065 4214 1.
1079 4161 1176 4236 pam
1251 4217 1258 4223 .
