2702 4980
111 677 115 691 ,
212 607 399 709 tinuerint.
446 603 700 680 Herodotus
717 603 798 705 (²⁰¹)
817 581 878 680 'vel
896 579 1020 697 tradit,
1047 593 1197 708 prorsus
1219 607 1307 678 eius-

213 721 297 805 dem
321 728 464 802 litterae
490 725 630 805 diversa
655 743 796 832 tantum
822 733 970 820 nomina
996 729 1120 822 fuisse,
1151 727 1207 802 his
1234 755 1306 802 ver-

211 855 287 926 bis:
317 845 353 925 τὸ
378 843 531 961 γράμμα,
560 845 597 927 ti
623 847 758 960 Δωριέες
783 847 839 944 μὲν
866 846 939 927 σὰν
966 845 1132 936 καλέουσι,
1150 843 1260 928 Ἴωνες
1283 847 1310 924 <ll

213 971 362 1067 σίγμα,
390 993 460 1050 ete.
514 977 644 1078 Itaque
676 981 788 1079 sigma
816 993 853 1051 et
878 1003 943 1051 san
971 1003 1134 1080 quoque,
1170 992 1213 1050 ut
1240 992 1310 1050 zeta

136 1157 143 1164 .
214 1117 251 1176 et
289 1098 405 1183 dsain,
445 1117 601 1204 propter
632 1104 889 1203 cognationem
922 1127 1098 1176 sonorum
1130 1103 1169 1174 in
1201 1127 1338 1212 unum¹

213 1223 441 1317 coaluerunt,
476 1250 545 1299 nec
576 1220 683 1301 valde
715 1224 882 1300 mirabile
912 1223 1070 1318 videtur,
1105 1227 1135 1298 si
1169 1251 1213 1298 ea
1240 1219 1338 1328 ipsal

132 1343 135 1354 ’
214 1345 288 1421 duo
319 1351 432 1449 signa,
469 1373 563 1450 quae
596 1375 640 1424 ex
672 1335 1084 1452 quatuor'supererant,
1118 1365 1313 1452 utrumque

212 1475 252 1542 in
281 1468 407 1544 locum
433 1470 581 1546 alterius
608 1472 750 1575 expulsi
775 1476 1031 1574 migraverunt,
1066 1499 1187 1576 neque
1219 1478 1314 1550 enim

213 1620 297 1667 casu
329 1593 426 1668 hanc
462 1579 647 1699 duplicem
685 1600 1009 1672 commutationem
1042 1595 1173 1672 saetam
1205 1614 1310 1702 puto.

212 1717 301 1792 Duo
326 1721 435 1820 igitur
459 1717 541 1796 loca
568 1724 640 1796 iam
664 1749 778 1799 vacua
805 1738 907 1796 erant
931 1738 1042 1824 atque
1067 1738 1145 1796 tum
1170 1738 1312 1827 tempo-

213 1846 262 1917 ris
279 1835 439 1918 Romani
464 1843 701 1948 alphabetum
722 1861 954 1946 receperunt,
984 1874 1098 1946 quum
1124 1845 1222 1950 apud
1250 1847 1314 1919 hos

214 1992 252 2040 se
270 1971 453 2070 excipiant
470 1967 614 2044 litterae
627 1997 665 2061 n,
676 1995 749 2060 -,o,
769 1994 807 2068 p,
819 1995 893 2070 -,q.
928 1962 1061 2038 Postea
1079 1983 1201 2040 autem
1220 1995 1316 2046 nora

109 2097 115 2112 ⁴
212 2093 493 2168 inveniebantur
517 2097 616 2194 signa
641 2094 739 2193 ξῒεῑ
762 2084 824 2182 sbi,
860 2114 1018 2192 quorum
1043 2077 1160 2181 illud,¹
1183 2117 1317 2192 quum,

213 2229 256 2289 ut
275 2219 359 2290 satis
384 2229 548 2319 apparet,
578 2229 752 2288 consueta
778 2213 860 2287 loca
885 2239 1008 2287 rursus
1035 2211 1183 2316 explere
1209 2213 1318 2289 valde

215 2337 437 2429 adamarent,
471 2339 566 2408 inter
599 2327 638 2407 νῦ
665 2351 703 2410 et
732 2336 748 2408 t
780 2331 892 2445 μικρὸν
922 2339 1167 2412 inserebatur:
1201 2337 1314 2412 modo

214 2487 261 2537 ne
296 2465 376 2565 quis
409 2459 517 2535 aliam
548 2461 644 2534 inter
675 2459 771 2536 hanc
803 2459 963 2536 litteram
994 2478 1032 2536 et
1060 2459 1161 2536 hunc
1192 2460 1315 2536 locum

215 2590 432 2695 suspicetur
454 2587 753 2660 coniunctionem
785 2583 883 2685 (²⁰²).
949 2583 1108 2660 Romani
1145 2583 1311 2688 quidem,

217 2738 332 2814 quum
357 2707 436 2782 aliis
461 2725 654 2783 uterentur
673 2709 922 2784 numeralibus
948 2713 1071 2812 signis,
1101 2737 1207 2784 suum
1232 2711 1314 2785 huic

214 2834 356 2908 litterae
384 2835 423 2905 in
448 2831 522 2907 fine
548 2831 737 2934 alphabeti
761 2831 887 2906 locum
911 2834 1133 2909 tribuerunt.
1178 2834 1314 2910 Verum

214 2971 300 3058 post
318 2959 362 3028 tri
378 2955 552 3048 litteram,
580 2957 647 3030 ubi
666 2971 745 3030 zeta
772 2954 959 3059 quondam
984 2956 1110 3031 locum
1133 2974 1311 3050 tenuerat,
1339 2959 1340 3004 l

215 3104 404 3182 nunquam
435 3081 504 3155 alia
535 3085 669 3155 inserta
701 3095 756 3155 est
784 3080 918 3174 littera,
954 3085 1118 3184 quamvis
1150 3109 1227 3156 non
1255 3086 1315 3157 ab·

216 3227 348 3278 sonum
379 3203 577 3298 videretur,
610 3209 640 3278 si
671 3221 714 3278 ut
742 3233 851 3308 supra
883 3207 931 3308 ξῒ,
964 3205 1024 3278 hic
1055 3199 1110 3292 ψῒ
1129 3188 1314 3282 numerata

217 3344 323 3404 esset.
359 3327 496 3406 &vero
518 3333 673 3431 signum,
702 3355 769 3402 suo
790 3328 875 3403 loco
896 3326 1103 3430 depulsum,
1132 3331 1228 3402 inter
1249 3359 1311 3406 no·

196 3469 270 3544 ,tas
295 3453 501 3531 numerales
526 3469 613 3556 post
639 3482 663 3524 o
688 3455 821 3555 posita,
852 3457 923 3524 900
951 3449 1140 3551 significat.

312 3577 457 3664 Restat,
485 3593 528 3651 ut
552 3580 790 3680 inquiramus,
820 3603 866 3650 an
891 3577 1082 3678 vestigium
1110 3575 1261 3679 quidem
1279 3584 1311 3652 in

217 3697 359 3775 Graeca
392 3700 597 3775 litteratura
633 3698 736 3774 dsain
766 3699 909 3775 litterae
925 3703 1164 3803 reperiatur,
1204 3730 1311 3806 quum

220 3849 423 3862 μ-

268 3921 348 4002 (201)
374 3919 427 3982 ll.
441 3930 536 3988 e.139.
555 3917 595 3982 el.
606 3919 766 3982 Boecklr.
780 3927 864 3982 Sthlz.
877 3921 920 3982 11.·
930 3925 1029 4003 past.
1050 3927 1114 3982 CJ.
1128 3932 1210 3984 u.25.

268 4021 348 4102 (202)
373 4023 614 4086 Buttmannus
630 4027 682 4084 Gr.
695 4027 747 4083 Gr.
759 4031 829 4084 mai.
843 4021 926 4084 Τ.Π.
945 4027 1044 4103 pato
1064 4024 1097 4084 et'
1112 4023 1239 4086 Muell.
1252 4029 1308 4083 Etr.

218 4124 372 4205 11.p.308.
386 4133 470 4194 n.t9.
488 4125 571 4187 ineo
583 4123 766 4202 diumtiunt,
784 4123 865 4205 quod
883 4122 963 4185 dsein
980 4123 1185 4188 Hebraeorum
1203 4127 1239 4188 ed
1254 4127 1307 4188 sor-

218 4243 294 4286 mem
312 4225 430 4307 quidem
449 4233 664 4312 recognoscere
679 4227 737 4290 sibi
748 4225 886 4290 ridentur
897 4225 929 4287 in
941 4215 966 4317 ξ
977 4225 1072 4312 signo,
1091 4227 1144 4290 eerl
1159 4226 1306 4291 Boeekh.

84 4325 95 4347 ⁸
214 4331 302 4389 seht.
315 4327 353 4390 Τ.
361 4329 399 4394 11.
414 4335 513 4411 p.386.
529 4350 612 4393 secur
625 4341 705 4393 certe
718 4327 844 4414 intelligi
855 4328 960 4408 voluit,
979 4350 1065 4411 quern
1081 4329 1144 4394 aliis
1160 4331 1251 4396 mum
1263 4340 1307 4391 eet.
