2694 4978
596 376 621 470 7,

56 593 93 648 et
108 589 300 675 proventus
315 595 380 671 pm
398 572 547 666 1131111111,
572 572 736 670 proxime
743 569 892 668 sutram,
922 573 1068 644 incoan.
1098 567 1156 642 die

57 701 177 801 prima
197 698 327 770 mensis
345 695 517 786 Ianuarii,
542 695 700 792 praesinti
703 693 832 792 saturi
847 720 942 766 atino
967 697 1062 768 1167
1082 709 1152 768 etc.
1201 769 1204 782 κ

58 840 97 914 et
114 822 185 896 hoc
204 819 291 896 fecit
310 817 428 894 dietus
448 817 631 894 Antonius
651 814 820 892 Sindicus
841 832 925 891 ante
951 813 1068 891 dictus
1090 845 1156 917 pru

55 949 164 1048 pretio
182 962 218 1018 et
242 947 381 1018 nomine
402 944 510 1044 pretii
530 943 703 1016 datarum
731 943 964 1038 Tabularum,
994 943 1058 1043 qui
1078 940 1156 1014 An-

57 1074 178 1144 tonius
211 1085 249 1144 et
272 1067 408 1142 Paulus
438 1068 649 1142 nominibus
678 1082 721 1140 ut
746 1092 855 1168 supra
880 1065 1047 1141 fecerunt
1070 1063 1156 1138 hinc

56 1192 362 1285 indefinitionem,
383 1195 645 1296 quietationem
659 1205 699 1265 et
713 1207 861 1293 pactum
878 1187 1093 1292 perpetuale
1110 1185 1155 1262 de

53 1319 210 1424 ulterius,
225 1344 303 1392 non
320 1315 484 1421 petendo
504 1343 597 1392 unus
622 1315 740 1401 alteri,
771 1329 808 1388 et
832 1313 925 1388 alter
950 1313 1055 1388 alteri
1081 1329 1151 1386 etc.

52 1447 309 1518 renunciantes
340 1458 411 1516 etc.
447 1440 492 1514 ad
524 1467 683 1543 poenam
712 1438 817 1542 dupli
847 1455 916 1514 etc.
946 1442 1156 1516 iuraverunt

53 1583 125 1641 etc.
155 1564 403 1668 promiserunt
428 1581 497 1638 etc.
529 1565 783 1666 obligaverunt
809 1561 914 1638 etc.”
1157 1663 1160 1678 ι

158 1689 281 1782 Quam
294 1691 493 1761 emtionem
511 1677 625 1789 quum
641 1713 673 1760 a.
690 1689 785 1759 1456
803 1684 936 1758 saetam
952 1709 1043 1776 esse,
1065 1709 1153 1758 eun·

54 1813 214 1915 dentque
244 1827 332 1885 tuno
361 1811 472 1888 fuisse
500 1803 693 1884 'numerum
718 1810 926 1885 tabularum
952 1791 1153 1909 comperia-

7 2033 8 2038 ,
52 1964 148 2029 mus,
177 1961 286 2038 quem
304 1931 424 2010 adhuc
443 1937 578 2011 servari
597 1938 729 2010 scimus
748 1938 788 2008 in
812 1937 1009 2008 secretiore
1029 1933 1151 2026 Tabu-

51 2061 159 2154 lario,
191 2063 270 2134 iure
294 2057 478 2134 Passerius
505 2057 679 2134 Concioli
703 2063 924 2162 ¹opinionem
955 2054 1154 2160 explodere

51 2184 210 2277 videtur,
241 2209 285 2258 ex
305 2211 376 2288 qua
394 2211 429 2259 a.
450 2187 545 2258 1540
566 2181 658 2285 duae
677 2183 825 2258 tabulae
838 2183 1009 2258 Venetiae
1027 2209 1152 2284 aspor-

50 2325 147 2384 tatae
178 2334 300 2412 neque
328 2335 492 2412 unquam
517 2306 681 2385 redditae
710 2309 859 2384 suerint.
913 2306 965 2380 At
991 2308 1153 2408 quamve

51 2433 143 2507 mihi
171 2459 250 2508 non
274 2435 454 2534 integrum
481 2435 528 2507 sit
551 2431 727 2524 iudicare,
761 2448 940 2534 quatenus
964 2429 1052 2504 huic
1076 2455 1151 2504 em-

49 2560 146 2632 tioni
160 2555 253 2630 fides
269 2570 369 2629 recte
385 2556 499 2628 tribui
514 2557 632 2656 possit
648 2597 688 2612 --
706 2551 745 2626 id
764 2557 863 2627 enim
881 2558 923 2626 iis
940 2543 1151 2656 relinquen·

51 2679 156 2772 dum,
186 2682 249 2782 qui
274 2680 490 2780 scripturam
515 2680 632 2779 ipsam
656 2680 799 2780 possint
825 2679 1030 2750 examinare
1052 2719 1092 2734 -
1114 2673 1152 2747 id

50 2821 175 2878 tamen
193 2807 272 2877 iure
292 2802 422 2904 aliquis
443 2805 607 2894 miretur,
626 2805 701 2905 qui
718 2801 799 2876 fieri
816 2802 992 2904 potuerit,
1020 2815 1152 2874 uttam

50 2928 224 3003 insolenti
245 2944 394 3029 tamque
419 2925 663 3002 immoderato
688 2929 809 3029 pretio
836 2925 901 2998 has
926 2923 1151 3025 1111111111-
1213 2967 1216 2975 ·

51 3048 239 3124 dimendas
273 3047 416 3124 duxerit
447 3055 572 3126 civitas
604 3047 814 3153 Eugubina,
850 3065 1038 3152 tempore,
1075 3075 1151 3152 quo

50 3173 153 3249 nulla
174 3171 261 3246 dum
281 3177 439 3276 suspicio
459 3177 689 3268 subvenerat,
719 3173 764 3248 ad
783 3179 879 3277 ipsas
904 3201 962 3248 res
987 3189 1152 3272 ueterum
1175 3249 1178 3264 ι

49 3299 286 3402 Iguvinorum
306 3323 364 3372 eas
383 3301 582 3400 pertinere,
612 3327 687 3402 quo
706 3326 753 3374 ne
771 3298 893 3401 legere
913 3295 1064 3400 quidem
1081 3323 1151 3398 po·

51 3439 212 3499 tuerunt.
260 3421 415 3498 Accedit
440 3439 574 3516 autem,
603 3440 644 3498 ut
670 3426 849 3515 omittam,
876 3421 1018 3494 tabulas
1042 3419 1150 3494 hasce

54 3577 135 3642 „ex
165 3574 249 3623 aere
280 3547 379 3622 fusili
410 3575 452 3622 ac
480 3545 614 3622 deinde
642 3544 689 3620 ad
715 3547 923 3620 firmitatem
948 3543 1150 3620 malleato'’

53 3689 259 3748 constantes
279 3675 318 3746 in
343 3671 416 3745 illis
441 3671 571 3746 litteris
597 3675 687 3746 mire
713 3697 799 3745 saue
824 3675 996 3746 eburneas
1022 3670 1151 3774 appel-

51 3795 132 3896 lari,
166 3795 204 3870 id
235 3794 370 3900 quod,·
389 3799 458 3870 nisi
489 3798 628 3870 scribae
659 3795 730 3872 fuit
755 3823 871 3889 error,
906 3798 971 3899 qui
995 3795 1151 3868 alteneas

51 3920 173 4022 legere
192 3920 363 4014 debebat,
388 3920 554 4022 alioquin
573 3919 746 4023 explicari
764 3923 848 3996 satis
870 3922 1018 4025 nequit:
1048 3942 1149 3991 acce-

52 4042 106 4120 dit
124 4047 246 4148 igitur,
278 4043 377 4150 quod
397 4071 525 4148 reapse
544 4044 669 4148 plures
688 4046 778 4119 olim
797 4048 971 4119 exstitisse
990 4041 1146 4136 tabulas,

52 4197 163 4271 quam
182 4185 335 4272 septem,
366 4188 402 4246 et
420 4171 603 4247 Passerius
623 4175 695 4245 iam
718 4173 919 4273 suspicatus
939 4184 1006 4260 est,
1036 4182 1072 4243 et
1093 4170 1148 4242 in-

52 4293 103 4368 fra
122 4294 317 4372 uerisimile
335 4292 520 4370 reddetur.
555 4293 708 4406 ,Quodsi
727 4279 867 4398 septem
884 4292 1030 4368 tabulae
1048 4292 1150 4368 nulla
1174 4308 1178 4320 ’
