2694 4978
569 401 623 490 37

148 599 188 693 3)
215 595 368 669 Miretur
384 611 506 668 tamem
526 592 671 695 aliquis,
695 592 795 695 quod
815 611 890 668 tam
908 600 977 670 cita
997 625 1039 672 ea
1054 624 1141 672 con-

45 722 165 794 versio
189 719 333 820 linguae
363 717 456 796 facta
480 715 660 808 videatur,
694 733 735 792 ut
760 717 836 792 fere
864 724 984 793 omnia
1012 749 1141 798 monu-

45 859 166 918 menta
191 841 330 920 diverse
360 845 494 946 scripta
520 839 697 920 diversam
724 845 832 916 etiam
859 840 1054 917 dialectum
1080 871 1141 920 ex·

44 967 205 1042 bibeant.
251 965 325 1042 Sed
345 970 505 1070 primum
523 963 809 1042 animadvertere
834 965 933 1059 licet,
963 993 1085 1070 neque
1104 973 1142 1043 in

42 1092 170 1165 Latina
189 1117 312 1194 neque
331 1095 370 1164 in
388 1085 539 1166 Etrusca
564 1089 708 1164 illarum
733 1089 938 1198 linguarum
964 1075 1142 1194 scriptura

43 1220 163 1290 omnia
183 1214 309 1291 deesse
328 1212 460 1289 indicia
486 1214 593 1288 huius
620 1217 843 1290 transitionis
868 1215 1060 1317 paullatim
1087 1216 1140 1292 fa·

42 1357 130 1415 ctae.
169 1341 249 1414 Iam
269 1342 366 1414 enim
382 1365 492 1441 supra
505 1342 726 1431 monuimus,
748 1338 962 1414 Umbricam
980 1339 1142 1443 linguam

41 1467 85 1538 ab
105 1467 213 1538 initio
232 1463 373 1538 nullam
392 1489 437 1538 ex
448 1462 584 1538 litteris
610 1461 740 1538 mediis
764 1462 952 1558 babuisse3
982 1481 1141 1541 attamen
1217 1505 1222 1514 ·

40 1614 117 1662 non
138 1614 266 1663 omnes
284 1613 357 1660 una
376 1587 590 1687 ingluerunt
608 1587 715 1659 simul
740 1613 824 1660 cum
849 1587 1050 1662 litteratura
1068 1591 1140 1664 La·

7 1749 8 1774 ³
38 1715 130 1802 tina,
156 1719 280 1812 'quum
305 1713 326 1783 b
350 1709 509 1784 litteram
539 1703 648 1783 etiam
672 1712 711 1782 in
736 1710 898 1788 Etmscis
923 1711 1058 1785 tabulis
1083 1737 1140 1786 re-

7 1811 9 1878 ἕ
37 1825 237 1938 periamus,
266 1830 451 1907 interdum
477 1830 627 1936 quidem
653 1859 778 1934 cump
798 1833 1051 1908 alternantem.
1094 1813 1142 1908 'ln

8 2017 9 2062 ,
37 1959 179 2032 Latinis
198 1983 288 2033 vero
309 1957 443 2032 tabulis
468 1983 545 2049 eae,
575 1983 669 2060 quae
694 1955 959 2032 adliciebantur
981 1958 1137 2051 litterae,

7 2111 71 2175 .0,
100 2083 140 2176 d,
164 2108 203 2180 g,
232 2065 318 2156 non‘
340 2085 389 2156 ita
420 2084 494 2155 iam
526 2084 745 2158 inveteratae
777 2085 1065 2185 conspiciuntur,
1100 2100 1142 2164 ut

7 2249 8 2259 κ
38 2233 116 2280 non
140 2231 403 2309 saepenumero
430 2203 549 2280 adbuc
575 2233 658 2280 cum
684 2233 721 2298 u,
744 2224 770 2299 t,
790 2233 822 2299 e,
853 2223 1137 2282 commutentur.

37 2331 130 2403 Eam
148 2327 319 2404 sibilandi
335 2330 507 2424 litteram,
532 2357 642 2434 quam
660 2332 812 2405 Etrusca
832 2330 1061 2405 Umbrorum
1079 2329 1139 2405 lit·

7 2479 8 2498 *
37 2465 196 2526 seratura
218 2459 241 2529 d
270 2454 494 2554 designabat,
524 2479 765 2553 nequaquam.
784 2457 822 2526 in
840 2454 980 2528 Latinis
1005 2455 1140 2528 tabulis

38 2578 218 2650 abiectam
235 2572 400 2650 videmus
418 2590 617 2677 propterea
635 2571 737 2674 quod
762 2574 906 2647 nullum
923 2575 1140 2650 Latinorum
1179 2608 1183 2616 ¹
1252 2655 1256 2662 ,
1339 2563 1340 2570 ¹

8 2731 9 2756 .
37 2703 182 2801 signum
214 2701 468 2791 conveniebat,
504 2694 567 2771 scd
594 2723 728 2774 novam
753 2701 793 2771 in
818 2700 895 2772 eius
920 2698 1045 2772 locum
1070 2701 1140 2773 sibi

36 2823 221 2898 linxerunt
246 2839 384 2898 notam.
432 2823 477 2896 In
503 2819 608 2896 Oscis
632 2825 878 2896 monumentis
909 2826 1004 2898 inter
1028 2823 1138 2898 Etru·

9 2989 10 2994 =
37 2975 114 3022 scas
134 2948 272 3022 litteras
294 2951 403 3022 etiam
422 2947 548 3050 plures
572 2945 709 3020 medias
726 2962 892 3049 receptas
917 2951 1135 3042 invenimus,

37 3099 57 3146 e
85 3072 219 3174 quibus
245 3076 272 3146 8
299 3070 452 3144 fortasse
481 3052 721 3173 priusquam
745 3077 780 3165 >3
813 3076 839 3146 a
866 3087 986 3146 autem
1017 3072 1138 3148 littera

35 3198 227 3270 transitum
251 3220 395 3298 parasse
420 3192 565 3269 videtur
590 3193 635 3277 ad
657 3194 877 3270 dlitteram.
918 3200 952 3270 0
978 3195 1138 3297 denique

37 3324 130 3396 inter
163 3317 277 3394 Oscae
305 3315 414 3395 video
446 3318 584 3396 litteras
616 3319 804 3394 nonnullis
836 3323 875 3391 in
907 3323 1026 3392 numis
1050 3317 1134 3419 (⁸¹).
1227 3399 1229 3410 ¹

38 3443 136 3520 Num
167 3447 206 3520 in
235 3460 310 3518 tam
335 3446 464 3546 exiguo
490 3470 645 3519 numero
671 3445 1007 3534 monumentorum,
1042 3467 1137 3545 quae

38 3567 226 3672 hucusque
244 3567 332 3643 licet
349 3570 495 3662 intueri,
526 3572 635 3643 etiam
659 3566 764 3670 plura
793 3567 1018 3669 exspectabis
1041 3564 1134 3642 indi-

41 3727 241 3740 -ι--ῌ

89 3813 152 3892 (⁵1)
176 3813 281 3876 Lanu.
293 3815 334 3875 II.
347 3825 446 3896 p.589·
459 3814 525 3876 ml.
545 3836 574 3896 p.
583 3819 645 3876 602.
658 3817 740 3874 nis.
759 3833 789 3895 p.
797 3818 860 3876 606.
873 3835 903 3876 n.
912 3821 956 3880 ³7.
976 3813 1015 3876 cl.
1028 3805 1153 3876 Eut·

38 3919 124 3976 ΠΝ.
137 3915 161 3975 Ι.
179 3931 278 3997 p.108.
292 3929 355 3979 118.
371 3927 432 3978 123.
456 3915 591 3976 Mionn.
604 3915 784 3976 Dareum.
803 3910 916 3998 plxnt.
934 3937 965 3976 n.
975 3927 1019 3978 15.
1032 3923 1077 3980 at.
1091 3947 1135 3961 -

36 4018 197 4099 Dempst.
211 4023 275 4080 Etr.
287 4025 359 4091 Rea.
372 4018 444 4080 T.1.
457 4015 566 4078 satvr.
585 4013 616 4076 isi
634 4016 754 4100 speculo
770 4016 869 4097 aliquo
886 4016 1004 4078 exhibet
1019 4005 1134 4114 SED,-

35 4111 157 4198 itote,
176 4140 261 4200 quam
279 4121 387 4202 repetit
403 4119 507 4181 Lanz.
520 4119 560 4181 11.
574 4131 673 4202 ptos.
685 4117 743 4182 tab.
751 4137 794 4180 x1.
807 4133 870 4180 nt.
890 4117 991 4179 etalii.
1020 4123 1047 4177 0
1061 4137 1132 4182 vero

35 4221 163 4286 litteram
184 4221 235 4284 bic
254 4241 316 4284 non
335 4218 442 4284 certaris
460 4242 532 4300 esse,
552 4220 626 4283 'aliae
644 4221 752 4285 docent
768 4219 988 4302 descriptiones,
1006 4241 1076 4302 quas
1087 4220 1133 4282 iu-

38 4325 128 4392 edim
140 4323 287 4408 inspicere
300 4322 371 4386 mibi
384 4343 478 4406 nuper
491 4322 623 4410 configit
