2702 4980
591 359 644 445 93

65 572 140 648 tur,
160 571 213 660 ¹et
234 555 338 647 aliae,
373 568 415 628 ut
440 551 543 661 (nete
566 575 637 654 pro
664 577 719 626 me
745 548 843 649 (²³³),
879 549 1070 626 Delscbens
1094 577 1164 654 pro

72 683 209 755 Tiberis
230 677 310 780 (²⁵²⁴)
337 677 400 752 diu
429 679 671 754 evanuissent.
725 672 824 746 Num
856 671 929 748 huc
961 679 1069 748 etium
1097 702 1164 750 no·

65 829 153 876 men
177 805 319 880 Ahalae
343 801 439 876 trahi
462 803 597 904 possit,
636 795 786 890 dubito,
823 825 938 901 quum
956 791 1165 874 'contractio

64 928 131 1001 illa
147 926 244 1028 (²⁵⁵),
274 926 321 1001 de
347 953 419 1029 qua
446 924 578 1000 Cicero
604 938 803 1014 memorat,
834 937 964 1024 quarto
991 925 1064 996 iam
1089 950 1165 998 sae·

64 1051 153 1126 culo
184 1055 332 1126 ineunte
364 1049 458 1124 facta
491 1073 568 1122 esse
598 1073 676 1121 non
700 1050 875 1149 potuerit.
932 1043 1053 1140 Quam
1077 1073 1167 1124 vero

7 1283 10 1460 l

8 1554 12 1609 i

63 1176 190 1252 Livius
204 1173 284 1276 (²⁵⁶)
303 1202 332 1248 a.
345 1173 393 1249 U.
408 1176 479 1248 459
499 1172 688 1248 Aharnam
707 1169 882 1274 appellat,
906 1169 1059 1246 eandem
1073 1197 1164 1265 esse,

64 1306 176 1402 atque
206 1327 320 1403 quam
345 1298 521 1373 Umbriae
544 1294 686 1370 Plinius
718 1295 852 1397 aliique
877 1298 1016 1370 Amana
1047 1300 1166 1370 nomi-

8 1501 9 1548 *
64 1440 167 1516 nant,
195 1427 256 1502 vix
281 1438 404 1527 potest
424 1419 578 1497 dubium
599 1445 676 1494 csse
693 1418 787 1519 (²⁵⁷).
831 1417 955 1513 Quare
976 1420 1083 1494 facile
1103 1418 1180 1493 ad-'

63 1547 196 1641 ducor,
224 1565 267 1622 ut
286 1574 398 1650 quem
414 1545 561 1620 tabulae
581 1559 785 1618 memorant
806 1544 1020 1622 Nabataeum
1045 1531 1166 1647 popu·

62 1673 163 1764 lum,
198 1675 312 1750 Naris
341 1670 501 1746 fluminis
526 1668 695 1744 U'mbrici
726 1666 867 1743 accolas
892 1683 1033 1770 putem.
1089 1666 1164 1772 SC.

65 1794 116 1870 de
139 1795 427 1870 Bacchanalibus
459 1798 532 1868 iam
559 1792 737 1868 exhibete
758 1791 898 1866 alenus
921 1817 992 1894 pro
1017 1819 1164 1884 cenatas,

7 1973 8 1976 ,
66 1924 193 2021 itaque
219 1945 296 1994 non
320 1923 427 1994 nimis
454 1946 474 1992 a
499 1944 587 1994 vero
613 1918 780 1991 aberrare
804 1913 983 2008 videmur,
1017 1919 1047 1990 si
1072 1917 1168 1992 hanc

65 2042 338 2118 distractionem
358 2041 554 2134 vocalium,
584 2067 694 2144 quam
715 2044 754 2114 in
772 2039 912 2114 Latinis
934 2041 1094 2143 Eugubii
1112 2057 1167 2116 ta-

62 2167 163 2240 bulis
189 2167 518 2269 frequentissimam
541 2170 758 2270 reperimus,
790 2163 957 2242 nondum
982 2182 1104 2240 autem
1128 2169 1168 2239 in

10 2387 11 2396 ἵ
63 2290 200 2366 tabulis
224 2291 400 2366 Umbriae
426 2295 582 2394 scriptis,
617 2307 720 2368 serto
745 2307 832 2394 post
855 2289 1013 2366 Romam
1038 2287 1166 2366 condi-

64 2431 140 2490 tam
166 2415 312 2490 saeculo
338 2418 581 2490 attribuimus.

6 3179 8 3246 l

6 3247 8 3316 l

166 2539 260 2630 Hae,
290 2553 327 2612 et
349 2563 438 2639 quas
459 2539 569 2610 etiam
579 2535 683 2608 'infra
703 2537 837 2637 passim
857 2531 1035 2629 adiiciam,
1065 2564 1166 2612 com-

61 2667 272 2766 parationes
301 2659 602 2737 verisimillimum
634 2657 725 2734 mihi
749 2656 1001 2753 reddiderunt,
1035 2663 1167 2760 Engu-

62 2792 164 2862 binas
183 2785 319 2862 tabulas
338 2787 464 2860 Εαείπε
483 2787 628 2885 scriptm
647 2784 801 2856 medriam
813 2785 902 2883 sera
921 2788 1065 2889 assequi
1080 2813 1166 2860 sex-

62 2931 140 2986 tum
166 2911 346 2984 sacculum
371 2912 416 2982 ab
438 2911 533 2986 Urbe
557 2910 717 2999 condita,
753 2911 803 2980 ita
834 2925 876 2982 ut
900 2909 960 2984 vel
987 2907 1061 2984 duo
1088 2937 1165 2985 sae-

63 3036 147 3110 cula
183 3033 410 3110 intercedant
443 3037 540 3108 inter
574 3032 718 3108 tabulas
752 3031 928 3109 Umbriae
964 3051 1001 3110 et
1034 3034 1166 3110 Latine

62 3163 267 3263 inscriptas.

6 3323 7 3338 ἰ
63 3319 266 3332 -η-,ψ--ω--ι-ῃ

6 3383 8 3442 l

111 3405 195 3486 (253)
222 3403 378 3480 Quintil.
392 3404 417 3482 Ι,
430 3415 457 3482 5,
471 3416 498 3466 2.

112 3509 196 3588 (254)
222 3509 332 3568 Varro
349 3511 383 3566 L.
391 3511 425 3568 L.
439 3519 519 3588 p.13.
534 3506 580 3566 ed.
594 3505 660 3586 Rip.

114 3611 196 3690 (255)
223 3607 298 3669 Cic.
313 3611 397 3666 Orat.
418 3629 443 3668 c.
452 3609 496 3669 [15.
516 3603 544 3689 §
555 3619 618 3669 153:
641 3603 831 3682 „Quomodo
857 3604 934 3667 enim
955 3618 1053 3668 vester
1071 3605 1178 3668 Axilla.

65 3711 120 3774 lla
135 3711 226 3772 faetus
240 3721 292 3787 est,
306 3709 360 3770 nisi
373 3707 441 3792 suga
450 3708 564 3769 litterae
575 3707 748 3770 vastioris?”
762 3707 800 3770 cl.
815 3708 982 3770 Schneid.
996 3709 1094 3792 1‚1.p.
1104 3719 1165 3776 187.

115 3814 197 3895 (25⁶)
222 3813 346 3889 Risull,
360 3822 405 3872 25.
1035 3857 1043 3878 s

116 3916 206 3997 (2⁵⁷),
222 3913 283 3976 nn
301 3914 349 3977 ver
369 3914 561 3972 Amin...
581 3911 684 3995 regant
704 3911 743 3974 cr.
763 3911 888 3997 sigon.
905 3913 941 3973 aa
960 3911 989 3973 s.
1004 3912 1035 3990 1.,
1051 3917 1164 3983 one...
1282 3892 1287 3900 '

69 4021 178 4108 better.
190 4024 223 4076 di
238 4021 351 4094 Massei.
369 4015 406 4078 T.
413 4015 465 4077 VI.
483 4026 548 4098 p.5·
569 4014 784 4078 etBardstti
804 4023 881 4074 della
898 4021 999 4086 unqua
1016 4023 1065 4072 de'
1076 4022 1168 4090 primi

67 4127 203 4182 αόίιοιονί
213 4131 270 4182 etc.
285 4131 386 4200 p-Slo·
661 4127 663 4130 ’

511 4265 712 4277 ——n
