2702 4980
311 537 339 606 ²!
365 531 526 605 littera
516 555 554 600 ιιι
577 525 713 600 tabulis
740 529 872 600 nostris
898 550 1043 628 semper
1065 539 1098 615 3
1123 525 1304 615 scribitur,

208 655 275 732 sed
299 656 387 729 licet
409 653 537 756 primis
560 651 789 767 temporibus
811 653 838 723 ΖΙ
861 665 1004 724 tantum
1028 653 1067 723 in
1091 673 1161 724 usu
1186 648 1338 740 fuerit

211 796 350 858 mature
367 792 490 850 tamen
510 777 668 849 ambo
640 797 740 876 signa
764 760 945 848 alternant
969 772 1135 848 iisdem
1124 799 1165 848 m
1191 772 1338 882 sepul

210 906 293 978 cris.
341 897 466 995 Quid?
497 897 635 1002 quod
624 925 663 972 in
688 901 896 973 recentibus
921 899 1224 1003 inscriptionibus
1245 897 1307 972 Pe·
1337 867 1338 1016 l

209 1029 361 1119 rusinis,
402 1024 644 1125 bilinguibus,
687 1023 932 1125 omnibusque
969 1021 1203 1126 longioribus
1233 1021 1308 1120 (²³²)
1337 1037 1338 1090 ἲ

211 1165 420 1226 constanter
444 1155 471 1226 Ἰ
500 1147 705 1222 exhibetur.
749 1145 873 1240 Quare
899 1166 929 1240 7
960 1173 1038 1222 non
1064 1150 1310 1251 antiquissima

211 1273 375 1380 quidem,
402 1275 588 1375 antiquior
612 1288 735 1346 tamen
760 1272 877 1346 forma
901 1270 1059 1349 videtur.
1337 1283 1338 1286 ’

313 1397 338 1475 8
351 1425 440 1470 num
452 1401 491 1470 in
505 1399 750 1471 monumentis
762 1421 862 1471 mere
873 1397 1034 1470 Etruscis
1049 1399 1158 1471 etiam
1169 1395 1311 1471 Graeco
1337 1391 1338 1458 ἰ

211 1525 315 1624 signo
336 1524 375 1596 (Ι)
394 1525 570 1625 scriptum
595 1519 903 1625 deprehendatur,
930 1519 1037 1597 valde
1064 1519 1212 1594 dubito.
1257 1517 1309 1593 Si·
1337 1527 1338 1614 ,

212 1642 375 1749 quidem,
406 1661 449 1719 ut
474 1645 536 1720 alii
560 1662 720 1750 putant,
737 1647 917 1722 alternant
942 1647 1052 1722 ambo
1078 1649 1193 1748 signa,
1225 1646 1310 1718 anti-

212 1775 319 1874 quius
339 1769 509 1872 profecto
531 1786 585 1844 est
602 1773 643 1844 (D
659 1773 814 1869 signum,
845 1773 984 1872 quippe
1010 1768 1111 1872 quod
1137 1771 1311 1872 antiquis-

211 1899 344 1968 simum
377 1910 432 1968 est
462 1893 624 1968 Graecae
653 1909 678 1988 φ
705 1891 860 1962 litterae.
913 1891 965 1963 At
997 1917 1090 1992 quae
1121 1897 1202 1994 ipse
1230 1917 1313 1995 per·

129 2064 134 2074 κ
211 2018 360 2093 lustravi
384 2017 623 2098 Etruscorum
647 2027 896 2104 monumenta,
928 2010 1023 2085 hanc
1048 2011 1138 2084 mihi
1165 2032 1315 2088 senten-

211 2147 299 2220 tiam
316 2144 476 2246 probare
500 2166 577 2213 non
600 2153 812 2256 potuerunt.
858 2136 904 2210 In
925 2139 1173 2213 vetustissimis
1194 2137 1315 2211 Grae·

211 2269 262 2342 cis
281 2259 608 2366 inscriptionibus
597 2261 832 2332 reveniuntur
853 2260 993 2336 formae
1015 2259 1168 2360 [1](233),
1194 2263 1236 2336 (Ι)
1258 2261 1314 2337 vel

212 2388 344 2489 (ΜΝ)
371 2403 407 2461 et
429 2385 459 2459 Ο
478 2379 575 2482 (²³⁵).
615 2381 727 2457 Hanc
746 2383 905 2458 formam
928 2382 1037 2478 ine,
1067 2383 1202 2460 deinde
1224 2381 1338 2472 in8

212 2530 249 2586 et
269 2511 295 2592 8
314 2515 487 2587 Etruscos
505 2509 669 2618 vertisse,
699 2506 825 2582 dieunt
845 2507 1079 2612 Ligorius,
1101 2507 1338 2599 Lanzius,

211 2635 468 2712 Muellerus.
505 2631 557 2708 At
581 2636 741 2735 primum
766 2632 851 2726 illae
877 2637 1147 2736 inscriptiones,
1171 2637 1210 2707 in
1234 2636 1310 2736 qui·

171 2782 174 2790 '
211 2763 280 2836 hus
300 2758 337 2832 Θ
358 2783 428 2860 pro
448 2755 473 2834 8
491 2759 561 2830 sibi
579 2753 861 2860 deprehendisse
878 2753 1059 2844 videntur,
1078 2783 1310 2860 nequaquam

211 2887 306 2956 inter
324 2884 549 2983 antiquiores
569 2876 782 2953 referendae
808 2897 905 2972 sunt,
934 2878 972 2952 id
999 2880 1101 2983 quod
1127 2898 1310 2985 exspecta-

210 3007 305 3080 veris
324 3021 460 3097 tamen,
490 3031 605 3106 quum
623 3029 671 3078 ne
690 3028 762 3078 una
783 3003 933 3106 quidem
952 3030 1063 3080 unam
1084 3032 1130 3080 ex
1155 3007 1311 3108 antiquis
1337 2989 1338 2996 ἵ

211 3125 408 3236 ΙίιιειίιΑ,
438 3127 482 3220 >Ι,
515 3125 575 3218 Ἦ,
600 3133 644 3216 ld,
676 3125 724 3201 al.
755 3127 942 3204 exhibeat:
974 3153 1100 3204 omnes
1122 3131 1249 3232 potius
1270 3121 1310 3201 ad

212 3249 348 3366 ceteras
359 3275 519 3357 prorsus
539 3246 729 3343 accedunt,
754 3276 847 3354 quae
865 3251 1009 3356 vulgata
1026 3255 1310 3354 scriptura'ton·

212 3378 454 3482 spiciuntur.·
485 3369 589 3450 Haec
620 3384 709 3450 vero
740 3373 883 3478 vulgata
916 3393 952 3450 ct
983 3379 1105 3450 iunior
1136 3377 1309 3478 scriptura

213 3506 403 3604 ceteroqui
429 3517 639 3579 constanter
658 3498 684 3576 8
690 3501 730 3597 s
742 3499 884 3574 litterae
911 3515 948 3574 et
969 3505 1007 3583 Θ
1029 3501 1054 3572 h
1078 3501 1221 3574 litterae
1245 3524 1307 3572 no·

211 3640 267 3698 tas
290 3623 494 3726 distinguit:
524 3627 593 3698 nisi
620 3622 722 3726 quod
748 3627 787 3698 in
812 3629 962 3728 gemmis
987 3623 1189 3716 nonnullis,
1220 3646 1308 3727 quae

212 3743 382 3853 profecto
414 3763 593 3822 nontam
618 3753 833 3858 antiquitate
859 3749 1002 3826 artificii
1025 3748 1084 3825 vel
1110 3748 1306 3823 litterarum

213 3880 417 3903 ...u-affl

264 3953 329 4032 (2³2
369 3951 492 4012 Lauri.
506 3951 546 4012 II.
561 3953 661 4020 ulio.
674 3955 738 4019 lit.
751 3955 815 4020 lta.
