2694 4978
204 553 361 630 absolvit
375 555 662 658 Inscriptionum
678 555 923 660 Antiquarum
939 559 1076 634 librum
1089 560 1168 660 (²⁵),
1191 585 1297 663 quem

202 694 414 781 postumum
440 677 555 754 edidit
578 680 611 754 I.
626 679 805 784 Lipsius
821 708 860 756 a.
875 688 986 760 less.
1026 683 1071 758 Iu
1096 683 1205 761 huius
1230 685 1295 762 lol.

202 829 355 878 xxxmn.
369 807 399 878 b.
425 803 516 878 haec
541 809 675 908 scripta
701 805 891 908 leguntur:
1331 816 1332 864 l

306 928 501 1030 „Eugubii
526 933 565 1004 in
584 929 739 1004 Umbria
763 947 930 1034 repertae
955 931 1104 1007 bierunt
1127 949 1212 1008 ante
1234 933 1296 1008 ali·

202 1067 295 1154 quot
314 1079 430 1128 annos
449 1053 595 1130 tabulae
615 1073 691 1130 octo
710 1081 864 1150 aeneae3
889 1083 1043 1159 quamm
1059 1083 1133 1132 una
1152 1056 1295 1150 litteris,

200 1192 241 1251 ut
265 1174 423 1270 videtur,
460 1177 609 1254 Graecis
633 1182 798 1272 inversis,
834 1180 1046 1286 linguaque,
1081 1197 1123 1256 ut
1148 1179 1299 1284 quidem

199 1317 406 1394 autumant,
440 1301 606 1378 Aeolica.
652 1304 816 1406 reliquae
841 1331 950 1398 ver0,
985 1307 1116 1382 litteris
1148 1303 1299 1408 quidem

198 1425 356 1518 Latinis,
392 1425 456 1502 sed
487 1427 627 1529 lingua,
664 1444 706 1502 ut
734 1440 903 1531 putatur,
939 1429 1118 1506 Hetrusca
1143 1434 1298 1533 scriptae

198 1565 295 1625 sunt.
336 1549 476 1626 Prioris
501 1552 711 1657 exemplum
736 1553 809 1630 hoc
835 1553 931 1630 est.''
969 1553 1151 1630 Adiieitur
1173 1554 1297 1630 tabula

199 1673 297 1778 apud
312 1675 574 1779 Dempsterum
592 1683 725 1781 prima,
753 1681 916 1756 Etruscis
936 1679 1000 1756 sed
1016 1685 1063 1756 iis
1088 1678 1298 1758 rudioribus

197 1799 326 1874 litteris
360 1818 515 1877 exarata.
568 1801 716 1876 Deinde
751 1806 987 1904 subsequitur
1017 1808 1136 1905 prima
1166 1805 1299 1878 Latina

197 1923 339 2016 tabula,
369 1919 493 2028 'eaque
518 1927 670 2016 rectius,
707 1950 817 2025 quam
846 1926 1078 1999 aBonarota
1105 1923 1297 2026 disposita,

196 2049 254 2122 his
286 2075 395 2152 supra
428 2053 571 2153 scriptis
605 2049 744 2126 verbis:
793 2047 987 2139 „Tabulas
1025 2047 1134 2122 hasce
1168 2050 1302 2124 ambas

195 2172 418 2247 Iohannes
438 2165 651 2246 Metellus
676 2169 896 2273 Burgundus
920 2169 1012 2248 vidit
1033 2187 1070 2246 et
1091 2175 1297 2274 exscripsit,

197 2326 287 2402 quas
310 2301 377 2400 etsi
398 2321 508 2370 nemo
528 2294 639 2398 plane
658 2294 841 2397 intelligit,
872 2299 957 2398 quia
975 2312 1099 2372 tamen
1118 2295 1165 2372 de
1183 2299 1300 2372 rebus

196 2426 304 2498 sacris
330 2443 434 2522 agere
462 2416 611 2521 quidem
636 2415 883 2514 crediderunt,
912 2417 998 2496 ideo
1024 2419 1097 2498 hoc
1118 2420 1204 2496 loco
1225 2447 1298 2523 po·
1335 2459 1336 2462 ¹

195 2542 333 2622 nendas
365 2569 443 2620 esse
471 2542 711 2622 existimavi.”
751 2541 853 2640 Quas
879 2572 899 2620 a
924 2545 1213 2649 Dempstcrianis
1238 2542 1298 2616 di-

195 2699 316 2751 versas
351 2669 498 2746 exhibet
532 2668 731 2768 lectiones,
772 2670 972 2773 pleraeque
1008 2671 1147 2745 nullam
1181 2667 1299 2744 fidem

194 2797 346 2872 habent.
928 2825 930 2834 ¹

296 2919 375 2993 Hae
409 2914 503 2992 duae
537 2905 701 2990 omnium
731 2918 871 3018 primae
902 2918 942 2988 in
970 2913 1165 2989 Germania
1191 2914 1298 2990 evul-

195 3059 297 3148 gatae
326 3041 475 3118 tabulae
505 3068 574 3144 per
604 3039 789 3114 saeculum
820 3043 1001 3143 integrum
1033 3055 1070 3114 et
1102 3037 1297 3117 dimidium
1336 3047 1337 3086 ³

194 3168 294 3244 solae
334 3167 412 3241 fere
455 3169 712 3257 innotuerunt,
753 3163 960 3268 usquedum
998 3162 1043 3238 ad
1081 3163 1297 3267 Dempsteri

194 3295 377 3369 Etruriam
406 3289 582 3393 Regalem
612 3303 754 3394 pateret
785 3287 917 3362 aditus.
958 3287 1122 3390 Repetiit
1147 3287 1297 3362 easdem

194 3417 335 3494 tabulas
357 3444 442 3491 cum
463 3414 590 3490 eadem
609 3413 738 3489 Smetii
757 3409 993 3488 adnotatione
1014 3411 1231 3487 Gruterus
1254 3417 1295 3488 in

196 3569 309 3647 opere
334 3568 402 3616 suo
429 3569 459 3615 a.
476 3543 568 3614 1601
594 3543 755 3644 primum
777 3535 897 3613 edito:
925 3541 1176 3638 [ascriptiones
1199 3545 1295 3613 anti-

193 3695 287 3774 quae
314 3684 375 3742 tot.
394 3669 466 3740 orb.
483 3668 587 3738 Rom.
616 3669 652 3737 in
678 3689 803 3762 corpus
827 3663 937 3737 absol.
966 3663 1130 3736 redactae
1155 3669 1296 3766 iirgem'o

189 3823 237 3873 ,ac
256 3819 342 3867 cum
362 3794 399 3866 I.
414 3791 573 3886 Gruten‘,
601 3793 738 3890 auspz'c.
754 3790 782 3862 I
781 3841 792 3862 .
811 3787 985 3887 Scaligeri
999 3815 1043 3860 ac
1061 3789 1119 3862 M.
1136 3790 1291 3865 VeLserr‘.

188 3917 522 4018 ·Vol.II.p.cxu11.
551 3910 791 4016 Subiungitur
808 3929 931 3990 tamen
949 3939 989 4015 p.
1001 3938 1104 3987 cxuv.
1123 3938 1208 4016 pars
1229 3912 1295 3987 illa

194 4096 396 4108 -η--ι

246 4197 308 4276 (25)
333 4196 560 4278 Inscriptionum
571 4193 765 4276 Antiquarum
777 4192 967 4276 quae-passim
979 4215 1033 4277 per
1045 4193 1192 4278 Europam
1205 4193 1294 4256 liber.

194 4297 326 4362 Accessit
343 4298 514 4362 Auctarium
531 4320 548 4361 a
566 4299 592 4360 1.
604 4297 741 4380 Lipsio.
766 4297 861 4383 Lugd.
874 4298 975 4360 Batav.
