2694 4978
563 373 610 458 11

42 565 185 640 tabulae
211 570 339 640 tertiae
363 564 494 640 Latine
524 567 672 666 scripta,
707 568 808 638 cuius
835 563 1043 666 exemplum
1069 565 1138 638 sibi

41 690 235 792 adquisivit
265 716 310 764 ex
339 689 493 764 Bembi
524 676 767 782 bibliotheca,
803 714 880 762 non
912 715 956 762 ex
982 693 1070 791 ipsa
1084 704 1137 762 ta·

41 814 141 907 bula,
174 831 214 888 ut
239 813 387 906 docent,
417 839 511 916 quae
539 810 748 915 adscripsit:
787 811 1060 904 „Praecedenti
1084 830 1137 887 ta-

40 938 149 1013 bulae
169 939 293 1012 similis
315 954 352 1012 et
370 941 452 1027 ista,
487 963 579 1040 quae
606 941 645 1011 in
665 937 797 1044 Bembi
815 935 1042 1012 bibliotheca
1068 935 1138 1012 Pa·

41 1060 166 1138 tavii.”
203 1061 284 1138 Nec
309 1062 502 1137 meliorem
526 1059 657 1136 harum
678 1085 801 1135 rerum
825 1060 955 1136 habuit
972 1064 1140 1136 notitiam

41 1187 262 1264 P.Merula
281 1191 320 1262 in
333 1185 622 1289 cosmographia
637 1184 717 1287 (²⁶),
739 1190 814 1261 imo
835 1203 941 1289 auget
961 1212 1137 1278 errorem,

40 1309 128 1386 dum
148 1311 274 1406 refert,
299 1339 408 1388 unam
429 1337 474 1386 ex
491 1310 626 1386 tabulis
644 1311 847 1414 Eugnbinis
866 1311 996 1386 litteris
1011 1312 1139 1386 Etrus-

40 1439 102 1528 cis,
133 1452 271 1512 ceteras
297 1453 438 1539 septem
462 1435 601 1510 Latinis
627 1439 819 1539 inscriptas
845 1463 936 1510 esse.
982 1436 1142 1510 Exhibet

40 1557 174 1634 deinde
205 1565 351 1636 initium
378 1562 554 1634 Etruscae
584 1559 745 1650 tabulae,
780 1564 881 1634 cuius
912 1561 973 1636 vel
1002 1559 1141 1636 litteras

40 1684 223 1786 explicare
245 1680 379 1775 studet,
403 1679 567 1756 timidior
586 1698 721 1774 tamen,
746 1697 788 1756 ut
807 1687 886 1785 ipse
907 1681 1008 1756 dicit.
1045 1683 1140 1760 Sub-

39 1812 156 1910 iungit
181 1805 342 1909 denique
366 1809 510 1909 priores
535 1832 658 1882 versus
683 1806 836 1881 Latinae
861 1807 1021 1881 tabidae.

142 1928 220 2006 Iam
253 1930 409 2006 alterum
441 1928 488 2004 ad
518 1929 632 2005 finem
662 1933 835 2034 vergebat
859 1930 1063 2026 saeculum,
1099 1959 1143 2008 ex

40 2082 117 2159 quo
142 2055 289 2132 tabulae
314 2071 501 2159 repertae,
537 2071 574 2130 at
603 2081 715 2130 nemo
743 2053 832 2130 dum
857 2057 1062 2159 periculum
1088 2058 1142 2133 ie-

39 2197 140 2256 cerat
171 2185 280 2254 unius
293 2213 299 2224 ,
313 2196 454 2255 tantum
485 2181 589 2255 verbi
623 2178 843 2284 explicandi.
893 2179 1005 2276 Quod
1036 2183 1141 2258 Ber-

40 2303 253 2380 nardinus
280 2302 446 2380 Baldus
477 2299 644 2381 aevi'sui
673 2302 859 2399 doctrina,
894 2323 937 2381 ut
966 2309 1045 2410 ipse
1072 2311 1140 2400 ait,

41 2429 233 2533 indignum
254 2433 474 2522 existimans,
499 2432 660 2530 suscepit
678 2433 818 2530 primus
846 2435 1144 2524 „Diot‘nattbnem

40 2561 77 2629 in
105 2557 283 2630 Tabulam
308 2554 713 2648 aeneam‘Eugubinam
738 2553 858 2650 lingua
880 2558 1060 2629 Hetrusca
1079 2585 1143 2631 ve.

40 2673 399 2779 ter·ipersc1aptnm,”
434 2701 544 2778 quam
575 2671 621 2748 ad
653 2677 810 2748 amicum
839 2677 894 2751 Μ.
912 2677 1144 2752 Velserum

40 2799 207 2894 missam,
242 2801 305 2876 ille
330 2800 514 2902 Augustae
538 2796 816 2874 Vindelicorum
842 2827 875 2875 a.
892 2805 985 2874 1613
1015 2799 1142 2877 edidit.

40 2926 246 3000 Praemisso
278 2926 477 3029 alphabeto
503 2925 660 2998 Etrusco
693 2923 886 3000 exhibetur
911 2931 990 3029 ipsa
1021 2927 1145 3002 tabula

41 3051 226 3140 Etmscis,
263 3047 396 3124 deinde
415 3050 568 3124 'Latinis
598 3047 727 3124 litteris
752 3055 1006 3154 transscripta,
1043 3055 1145 3128 cuius

42 3177 188 3248 initium
214 3200 299 3246 cum
323 3177 402 3276 ipsa
427 3175 727 3276 interpretatione
746 3172 854 3248 Baldi
875 3173 1080 3251 adscribere
1100 3177 1144 3252 li·

42 3314 136 3390 ceat,
168 3323 244 3398 quo
263 3293 382 3372 lector
398 3301 478 3402 ipse
498 3301 615 3400 possit
631 3301 853 3402 perspicere,
883 3304 985 3374 cuius
1006 3304 1146 3401 generis

43 3426 89 3498 sit
113 3423 207 3497 haec
233 3419 423 3499 divinatio.
465 3420 571 3522 Quae
596 3422 710 3498 bodie
735 3426 787 3497 sic
811 3423 1002 3524 leguntur:

93 3547 307 3623 Purtuvitu:
337 3564 502 3623 erarunt:
539 3547 734 3622 struhslas:
771 3545 969 3623 eskamitu:
1003 3551 1143 3626 aveitu:

94 3670 264 3747 inumek:
290 3674 474 3748 tertiama:
500 3674 638 3776 spantia
662 3674 763 3747 triia:
789 3671 900 3748 tefra:
926 3672 1143 3777 prusekatu:

97 3796 212 3872 e‘lek:
241 3823 373 3900 supru:
670 3773 673 3788 ⁸

46 3916 177 3996 eadem
200 3921 289 4022 legit
311 3918 468 3998 Baldus:

97 4203 163 4282 (2⁶)
190 4199 438 4286 Cosmographiae
463 4202 594 4288 general.
619 4201 671 4266 tib.
690 4216 750 4267 tras
769 4207 922 4266 etc.1650.
945 4203 1028 4265 tttt
1044 4202 1095 4267 lib.
1103 4221 1147 4265 tv.

46 4326 71 4366 c.
80 4321 153 4366 xm.
