2694 4978
734 361 790 449 28

188 556 306 628 banc
340 553 579 627 litteraturam
609 559 647 628 in
680 581 784 628 suum
814 546 919 626 usum
945 559 1218 650 convertebant,
1247 585 1309 632 eas
1338 567 1339 652 ᾗ

112 691 118 700 ’
210 677 360 768 litteras,
390 704 479 780 quas
499 685 576 752 no'n
594 679 892 780 pronuntiabant,
918 691 959 752 ut
980 677 1013 756 d
1032 683 1123 782 (cla),
1153 710 1230 768 non
1248 709 1306 757 re·
1338 779 1339 782 Ἴ

133 885 136 893 Κ
211 803 408 904 cipiebant,
445 829 534 904 quas
570 805 722 903 signatas
754 827 830 875 non
861 805 1105 905 reperiebant,
1135 783 1181 880 ut*
1201 835 1239 900 o,
1265 809 1304 896 d,
1338 783 1339 794 ἵ

206 951 244 1024 g,
273 954 310 1029 q,
346 930 508 1028 recipere
541 951 618 997 non
650 941 833 1026 poterant,
868 929 990 1029 itaque
1022 953 1098 1001 non
1125 933 1306 1032 exprime-

209 1050 299 1124 bant
328 1095 369 1109 -·
399 1045 524 1141 Quid?
550 1074 673 1129 annon
699 1052 737 1121 in
758 1049 894 1123 tabulis
919 1048 1119 1154 Eugubinis
1145 1050 1308 1128 delinea-

208 1189 283 1248 tam
302 1169 609 1275 deprehendimus
626 1172 785 1248 litteram
805 1173 858 1246 8‘?
884 1199 1008 1250 annon
1027 1177 1310 1279 reperimuslit-

207 1283 301 1372 teras
334 1297 450 1395 δα)
486 1314 524 1372 et
560 1297 687 1396 ‘l(rs),
725 1323 814 1399 quas
839 1298 996 1390 Etrusci,
1026 1303 1200 1400 quoniam
1226 1326 1312 1396 non

85 1481 90 1490 ,
206 1422 510 1523 pronuntiabant,
545 1447 623 1494 non
654 1421 886 1495 scribebant?
943 1422 988 1495 In
1019 1419 1142 1496 tabula
1177 1427 1310 1524 quinta

139 1521 143 1530 ’
205 1543 347 1618 litterae
373 1573 408 1617 m
432 1561 629 1647 usurpatur
651 1547 793 1647 signum
811 1549 856 1637 Λ,
887 1543 1002 1648 quod,
1033 1563 1208 1648 quantum
1234 1573 1310 1646 ego

205 1671 295 1762 scio,
325 1667 411 1768 alias
432 1695 612 1770 nusquam
630 1673 823 1771 reperitur.
871 1668 949 1745 Cur
965 1668 1128 1761 tandem,
1158 1673 1188 1742 si
1207 1696 1306 1742 non-

204 1793 323 1867 nullas
352 1793 490 1867 litteras
522 1791 569 1864 de
593 1796 667 1864 suis
692 1790 911 1869 addiderunt
939 1792 984 1867 ad
1010 1795 1200 1868 Etruscam
1225 1819 1307 1867 non

204 1916 446 1992 sufficientem
469 1914 722 2006 litteraturam,
752 1930 888 1988 ceteras
906 1900 1115 2017 ‘exprimere
1141 1943 1219 1990 non
1244 1917 1306 1991 lu-

158 2019 170 2037 „
203 2041 329 2131 bebat,
365 2066 454 2141 quas
480 2042 737 2142 pronuntiasse
764 2063 826 2112 eos
852 2039 983 2114 Latine
1009 2042 1141 2141 scripta
1166 2065 1306 2112 monu-

202 2179 324 2269 menta
360 2162 548 2236 manifeste
582 2163 722 2238 scilicet
751 2160 1027 2237 demonstrant?
1063 2166 1302 2266 praesertim,

203 2316 318 2390 quum
335 2287 473 2360 litteras
491 2314 525 2378 0,
546 2287 584 2378 d,
604 2289 693 2390 q'in
714 2285 845 2361 Latina
869 2290 941 2360 iam
965 2287 1166 2362 litteratura
1191 2313 1304 2390 repe-

200 2415 315 2502 rirent
330 2435 528 2514 expressas,
549 2410 686 2516 litteras
705 2415 729 2486 d
749 2427 786 2485 et
806 2413 845 2504 (Ι,
866 2428 908 2486 ut
923 2409 1080 2504 videtur,
1101 2438 1301 2514 nusquam.

200 2533 341 2610 Pariter
366 2533 456 2610 Osci
483 2534 609 2637 plures
635 2537 745 2610 etiam
768 2534 920 2628 litteras,
954 2535 1014 2610 vel
1039 2535 1174 2610 formas
1199 2535 1301 2610 litte-

74 2650 81 2660 *
199 2687 321 2736 rarum
354 2656 591 2750 addiderunt,
624 2657 724 2751 alias,
741 2722 743 2727 .
760 2663 924 2760 quamvis
948 2663 988 2733 in
1012 2659 1152 2734 Latinis
1179 2658 1301 2734 Oscae

198 2785 343 2884 linguae
360 2782 657 2882 inscriptionibus
672 2785 844 2883 reperias,
866 2808 943 2855 non
960 2779 1190 2856 addiderunt.
1223 2785 1300 2858 La-

198 2909 267 2980 tini
285 2903 458 3006 denique,
486 2907 529 2996 si,
559 2929 652 3007 quae
673 2930 782 3008 supra
803 2903 970 2998 diximus,
999 2913 1083 2980 vera
1109 2923 1206 3000 sunt,
1234 2907 1300 3014 lit-

198 3046 293 3104 teras
308 3017 353 3121 'b,
378 3030 418 3124 d,
443 3027 480 3132 q,
500 3027 549 3148 al.
577 3027 797 3122 habuerunt,
826 3032 1040 3133 priusquam
1064 3057 1198 3125 novam
1223 3035 1298 3106 sibi

197 3152 427 3231 adsciverunt
448 3151 699 3234 litteraturam.

264 3322 266 3333 =
299 3275 423 3373 Quid?
450 3274 552 3380 quod
569 3276 629 3352 rel
644 3261 800 3351 traditur
819 3279 1053 3371 a'veteribus,
1074 3277 1296 3382 Aborigines

196 3405 269 3479 alio
289 3419 326 3478 et
349 3402 466 3476 multo
492 3398 641 3506 quidem
665 3405 863 3478 vetustiore
888 3417 1068 3506 tempore,
1099 3389 1209 3506 quam
1234 3408 1294 3508 ip-

195 3554 254 3602 sos
272 3529 460 3619 Etruscos,
483 3527 722 3602 litteraturam
740 3554 760 3600 a
780 3525 933 3601 Graecia
952 3507 1164 3632 accepisse(
1190 3529 1295 3610 Haec

194 3654 294 3724 enim
318 3650 466 3723 Tacitus
485 3651 569 3749 (⁶⁹):
600 3650 688 3744 „At
717 3655 756 3726 in
780 3650 885 3725 Italia
901 3651 1054 3726 Etrusci
1083 3653 1129 3724 ab
1156 3651 1290 3728 Corin-

192 3776 272 3852 thio
297 3763 519 3865 Demarato,
551 3773 769 3878 Aborigines
794 3773 937 3850 Arcade
963 3776 1009 3849 ab
1034 3773 1207 3852 Evandro
1234 3777 1289 3852 di-

148 3935 152 3942 ·
193 3892 378 3979 dicerunt:
409 3913 446 3972 et
477 3897 595 3972 forma
625 3899 754 3976 litteris
779 3900 932 3994 Latinis,
966 3925 1059 4002 quaa
1087 3905 1290 3977 veterrimis

193 4019 468 4124 Graecorum.''
520 4021 607 4117 Quo
638 4023 786 4100 tandem
816 4025 1029 4126 refugertmt
1057 4023 1127 4100 hae
1152 4027 1288 4105 Aboriu

242 4279 304 4362 (69)
328 4283 438 4344 Aranal.
452 4284 505 4362 XI,
520 4285 564 4346 tl.
645 4264 648 4273 ¹
