2694 4978
38 578 191 637 tantum
209 560 256 636 ad
278 586 320 636 ea
338 574 504 663 tempora
528 559 657 634 referri
681 574 817 661 potest,
844 561 978 661 quibus
1005 577 1146 636 ceterae

37 687 341 760 inscribebantur
364 683 525 774 tabulae.
589 742 591 748 ,

154 813 194 910 2)
221 805 333 902 Quod
359 823 481 882 autem
504 805 644 881 Plinius
668 802 715 882 de
734 834 756 884 o
773 805 893 882 littera
918 807 1059 910 aliquot
1074 809 1146 884 Ita-
1195 837 1199 844 ’

38 935 116 1010 liae
133 933 285 1037 populis
303 935 472 1008 inusitata
489 947 764 1024 commemorat,
784 928 822 1004 id
840 957 969 1034 magna
988 949 1147 1036 exparte
1277 985 1297 1004 .,

39 1059 138 1132 olim
169 1074 317 1160 praeter
341 1087 363 1131 o
388 1059 428 1132 in
455 1053 602 1130 medias
621 1081 772 1159 quoque
802 1055 940 1131 litteras
965 1083 1044 1132 non
1067 1073 1146 1131 tan·

37 1199 121 1256 tum
149 1180 251 1285 apud
277 1181 420 1285 aliquot
442 1179 617 1284 populos,
651 1177 715 1254 sed
741 1205 810 1284 per
832 1195 949 1256 totam
965 1165 1051 1256 'fere
1075 1181 1147 1256 Ita·

39 1307 132 1380 liam
158 1305 328 1399 valuisse,
357 1304 447 1382 mihi
473 1322 528 1380 est
552 1304 760 1382 verisimile.
1131 1379 1134 1388 ,

148 1431 200 1505 Et
225 1433 265 1504 in
289 1429 457 1504 Romana
480 1429 603 1530 lingua
630 1473 671 1488 -
697 1425 743 1503 de
770 1423 866 1504 Osca
891 1431 991 1504 enim
1016 1455 1147 1504 monu·
1218 1477 1223 1488 ·

39 1569 172 1628 menta
195 1569 375 1629 testantur
404 1595 444 1612 ·-
475 1579 497 1624 o
520 1552 654 1643 littera,
683 1555 715 1624 si
741 1557 891 1627 omnino
919 1537 947 1625 a
964 1557 1147 1657 principio

34 1680 198 1768 exstitit,
225 1679 370 1779 parcius
399 1691 523 1750 tamen
548 1673 804 1750 adhibebattu.
854 1673 1039 1770 Quodne
1066 1681 1147 1778 quis

36 1805 170 1880 statim
189 1800 381 1904 reprobari
398 1815 505 1903 putet
522 1799 645 1874 multis
665 1798 798 1888 verbis,
828 1822 923 1899 quae
949 1799 1040 1873 olim
1065 1827 1149 1874 curn

40 1955 79 2019 o,
108 1941 243 2028 postea
269 1951 353 2004 cum
372 1951 399 1996 n
422 1923 543 1998 littera
568 1927 751 2026 scriptae
775 1919 1028 1998 Grammaticis
1053 1924 1147 1999 refe·

40 2066 197 2124 runtur:
227 2050 311 2122 satis
338 2051 456 2122 estin
483 2051 697 2121 memoriam
723 2045 921 2140 reduxisse,
958 2075 1068 2151 quam
1093 2046 1148 2122 di-

43 2199 194 2249 versum
213 2172 258 2243 ab
285 2171 362 2245 aliis
388 2172 520 2273 linguis
539 2171 705 2245 Romana
730 2171 927 2274 perfecerit
951 2200 1098 2246 cursum
1110 2176 1149 2246 in

42 2323 106 2390 ec,
138 2292 255 2398 quod,
285 2320 399 2397 quum
419 2293 567 2400 delapsa
587 2299 660 2368 iam
681 2295 792 2370 fuerit
813 2299 852 2371 in
877 2299 1147 2400 pronuntiatio·
1258 2365 1261 2374 .

43 2424 115 2512 nis,
150 2435 194 2492 ut
218 2423 268 2492 ita
294 2417 425 2510 dicam,
454 2420 711 2519 negligentiam
738 2417 923 2519 quandam
945 2437 984 2496 et
1007 2425 1148 2496 rustici-

43 2559 182 2622 tatem:
210 2545 284 2613 iam
298 2543 531 2640 'ingeniorum
552 2543 704 2614 omnino
722 2544 860 2614 maiore
881 2542 1022 2616 cultura
1049 2547 1149 2620 inva-

43 2665 223 2756 lescente,
253 2679 290 2737 et
309 2665 475 2766 inprimis
501 2665 712 2765 cognitione
738 2679 847 2766 atque
872 2663 933 2740 vel
958 2663 1037 2738 sola
1062 2667 1149 2744 vici-

44 2795 164 2864 nitate
189 2787 334 2890 linguae
362 2785 523 2862 Graecae
548 2785 594 2861 ad
620 2791 799 2861 summam
824 2787 1061 2862 subtilitatem
1086 2791 1172 2863 ab·-

45 2913 346 3014 solutionemque
373 2909 572 3014 perductae
599 2915 703 3014 quasi
728 2909 928 3005 admonita,
962 2909 1008 2986 ad
1034 2916 1148 2988 maio-
1196 2994 1199 3008 „

44 3063 127 3112 rem
147 3035 348 3110 formarum
371 3039 615 3136 integritatem
639 3039 1009 3140 terminationumque
1036 3041 1147 3114 uber·

45 3176 161 3233 tatem
193 3156 313 3232 redire
344 3160 509 3252 tentavit,
544 3142 730 3262 exemplar
759 3159 978 3264 plerumque
1007 3167 1148 3264 aptissi-

47 3311 148 3356 mum
180 3283 251 3356 sibi
279 3307 493 3386 proponens
520 3281 698 3358 Graecam
723 3286 839 3387 ipsam
864 3285 1038 3386 linguam.
1091 3287 1149 3359 Ita

47 3406 271 3500 factumest,
299 3423 341 3481 ut
367 3407 561 3510 quaesere
588 3423 810 3484 evanuerant
831 3423 911 3482 tum
931 3433 951 3480 e
970 3411 1148 3512 scriptura

49 3547 126 3608 tum
147 3558 193 3606 ex
212 3555 277 3614 ore
302 3529 443 3606 litterae
469 3530 597 3606 finales
615 3558 646 3622 s,
667 3559 717 3622 m,
741 3559 774 3622 e,
804 3529 868 3623 al„
898 3557 1000 3605 suam
1024 3559 1148 3634 rursus

48 3653 276 3730 vindicarent
295 3652 519 3756 dignitatem,
548 3654 761 3756 multaeque
781 3661 1049 3732 contractiones
1068 3685 1147 3732 rur·-

50 3802 110 3848 sus
141 3779 368 3854 solverentur
386 3777 466 3878 (⁷⁰).
520 3777 657 3854 Verum
687 3761 752 3882 qui
775 3786 899 3882 potuit
922 3781 1027 3856 aliter
1049 3781 1144 3874 fieri,

62 3917 254 3932 ——n--o

101 3980 164 4058 (⁷⁰)
186 3981 377 4045 ¹Monumenta
389 3979 560 4062 Scipionum
572 3999 658 4064 saepe
671 3981 810 4044 omittunt
821 3981 931 4044 litteras
945 4009 961 4042 s
971 3995 1001 4044 et
1014 4007 1044 4041 m
1061 3981 1147 4044 etiem

50 4092 341 4146 anteconserantur
365 4089 501 4152 Sammo,
524 4085 667 4152 duonoro',
691 4082 836 4160 Scaphae,
857 4089 988 4152 Corsica}
1010 4085 1147 4155 Cornelio}
1189 4086 1204 4124 ἶ

50 4180 87 4244 al.
120 4185 156 4244 In
174 4183 304 4248 versibus
323 4185 504 4248 llerametris
521 4185 614 4247 Ennii.
623 4197 654 4248 et
664 4185 782 4264 Lucilii,
799 4185 831 4246 in
844 4185 962 4248 comicis
973 4187 1148 4272 tragicisque

52 4281 154 4349 fabulis
174 4287 271 4350 littera
289 4313 304 4346 s
323 4299 390 4370 post
408 4313 427 4347 u
446 4301 476 4351 et
494 4295 515 4368 t,
534 4287 558 4350 si
571 4287 748 4371 positionem
768 4287 911 4371 efficeret,
932 4309 1017 4373 saepe
1036 4289 1147 4354 omitti·
1191 4333 1193 4340 ,
