2702 4980
311 949 682 1039 CURRICULUM
714 951 904 1042 VITAE.
982 984 984 988 ¹
1028 1019 1032 1028 .

162 1165 335 1243 Cinorus
365 1165 596 1260 chnunnus,
632 1166 758 1243 Caroli
788 1167 889 1242 Petri
916 1167 943 1242 f.
955 1224 965 1259 ,
1001 1167 1155 1244 Larsms

58 1319 92 1364 a.
107 1289 145 1366 d.
161 1317 200 1364 x.
216 1291 297 1366 Cal.
313 1292 392 1364 Ian.
409 1295 494 1364 anni
512 1319 687 1366 nncccxr.
708 1274 916 1393 Numburgi
936 1308 1040 1366 natus
1060 1320 1152 1366 sum.

57 1414 175 1490 Annis
193 1441 260 1488 x11.
276 1418 372 1488 inter
389 1414 564 1490 familiam
583 1418 679 1490 bene
700 1416 931 1518 frequentem
952 1413 1053 1489 domi
1067 1414 1154 1490 edu·
1273 1406 1277 1418 ¹

57 1555 159 1612 catus
183 1555 219 1613 et
237 1539 372 1641 puerili
392 1537 558 1614 doctrina
577 1567 597 1614 a
616 1537 833 1643 paedagogis
854 1543 1038 1612 institutus
1059 1565 1151 1630 sum,

55 1659 263 1763 usquedum
296 1679 455 1737 maturus
487 1661 643 1756 viderer,
677 1667 741 1766 qui
772 1667 812 1736 in
838 1661 975 1737 Schola
1000 1661 1153 1738 Provin-
1273 1691 1277 1704 ·

56 1785 141 1859 ciali
165 1785 333 1862 Portensi
363 1791 587 1869 severiorum
614 1785 818 1862 studiorum
845 1813 989 1860 cursum
1015 1789 1152 1888 incipe-

54 1935 169 1984 rem·
193 1911 331 1988 Verum
356 1887 434 1984 non
458 1909 663 1986 studiorum
688 1927 829 1986 tantum
855 1915 1000 2012 grav'em
1025 1908 1152 1984 mode·

52 2037 242 2128 ratricem,
282 2061 361 2108 non
391 2038 522 2112 virium
556 2051 698 2109 tantum
732 2038 937 2136 mentisque
971 2031 1154 2109 strenuam

7 2218 8 2225 ,
54 2160 352 2250 exercitatricem,
375 2157 439 2233 sed
460 2161 577 2233 omnis
598 2162 706 2234 etiam
725 2163 819 2235 vitae
833 2158 980 2233 Almam
996 2159 1155 2232 Matrem

54 2279 224 2382 profiteri
240 2279 389 2356 Portam
407 2287 484 2386 ipse
505 2288 610 2386 gestit
628 2288 782 2376 animus,
808 2287 871 2385 qui
890 2307 1152 2386 saepenumero

12 2404 13 2413 ’
54 2430 140 2476 cum
170 2419 267 2505 grata
298 2409 433 2506 piaque
459 2405 714 2480 recordatione
739 2404 989 2504 recoliteam,
1025 2431 1150 2506 quam,

53 2543 200 2629 praeter
219 2531 445 2604 seteritatem
465 2526 690 2630 disciplinae,
713 2531 821 2601 etiam
834 2528 1068 2629 benignitatis
1085 2553 1153 2629 per

52 2655 165 2726 vitam
183 2654 400 2752 gratissimae
419 2655 631 2727 suavitatem
649 2652 725 2725 illic
749 2667 927 2754 expertus·
944 2667 1010 2724 est.
1051 2651 1153 2724 Inter
1192 2725 1197 2742 Χ
1272 2661 1274 2666 ’

52 2777 143 2849 istos
162 2791 295 2868 autem,
324 2801 464 2850 summa
483 2801 610 2849 omnes
634 2779 769 2878 pietate
794 2771 1021 2857 venerandos
1044 2801 1149 2878 prae·

52 2915 236 3002 ceptores,
265 2927 379 2972 unum
398 2904 604 2974 nominasse
625 2916 724 2973 certe
742 2944 782 2958 -
801 2902 866 3001 qui
886 2886 991 2972 enim'
1006 2895 1150 3002 praedi-

51 3049 135 3096 care
161 3026 357 3097 sustineam
373 3028 573 3098 -animus
597 3023 768 3126 impellit,
799 3026 899 3097 cuius
921 3025 1156 3120 immaturam·
1195 3067 1198 3076 ·

49 3163 208 3221 mortem
228 3173 367 3240 omnes,
391 3149 670 3251 quibuscunque
687 3150 791 3240 vixit,
810 3173 954 3222 summo
971 3146 1074 3221 luctu
1087 3145 1149 3221 de·

49 3259 252 3374 ploramus,
280 3271 459 3373 Langium
479 3269 576 3346 dico.
602 3317 641 3330 -
673 3269 747 3346 Sex
768 3275 870 3344 annis
895 3269 1149 3373 praeterlapsis

50 3395 204 3469 ePorta
227 3392 487 3489 discedentem,
518 3411 556 3470 et
580 3395 821 3498 philologiam
845 3392 1064 3495 professum,
1092 3396 1147 3476 in·
1165 3428 1188 3449 ··

47 3521 178 3620 primis
203 3517 365 3622 dignum,
396 3523 460 3622 qui
484 3517 530 3616 ad
556 3519 686 3594 altiora
710 3517 915 3592 litterarum
940 3515 1059 3591 studia
1083 3515 1146 3592 ad·

48 3647 229 3736 mitterer,
257 3669 316 3716 me
342 3658 573 3718 censuenmt.
625 3641 832 3718 Conversus
856 3644 965 3742 igitur
989 3639 1149 3745 primum
1233 3688 1237 3700 ·

47 3769 88 3840 in
106 3763 344 3840 Academiam
362 3766 603 3869 Lipsiensem,
629 3767 867 3868 grammaticis
885 3781 965 3840 tum
983 3769 1148 3869 inprimis
1177 3805 1180 3812 =

48 3893 358 3992 criticaequearti
379 3883 530 3994 operam
556 3887 654 3983 dedi,
684 3892 867 3992 egregium
891 3913 976 3964 sane
1001 3892 1147 3963 intuens

49 4013 272 4116 exemplum.
317 4014 390 4090 Per
410 4042 545 4090 annum
563 4016 617 4088 ibi
641 4029 814 4105 versatus,
844 4010 976 4086 deinde
997 4010 1144 4086 Gottin-

48 4163 134 4238 gam
161 4165 219 4212 me
246 4143 424 4232 converti,
458 4141 523 4239 ubi
548 4142 644 4212 inter
666 4136 858 4212 Seminarii
881 4135 987 4238 Regii
1012 4152 1050 4212 et
1074 4135 1145 4212 So-

50 4264 189 4337 cietatis
206 4259 455 4365 Philologicae
473 4259 615 4338 sodales
634 4277 814 4368 receptus,
835 4285 903 4364 per
920 4257 1013 4338 duos
1031 4287 1145 4337 annos

836 4421 837 4426 η
926 4394 947 4438 s
