2702 4980
705 329 761 420 74

163 591 165 596 ,
352 539 448 594 Umbr.
481 539 596 596 Etrusc.
652 539 719 595 Orc.
775 543 858 597 Rom.
880 542 1051 600 Umbralnt.
1068 543 1168 598 Graec.

223 645 421 726 thracis*
526 647 556 725 ἢ
666 653 696 724 Ζ
819 695 837 710 -

278 2258 361 2353 Qua
382 2263 423 2332 in
443 2257 683 2362 dispositione
705 2289 819 2364 quum
840 2264 879 2334 in
898 2263 1067 2353 Etrusco,
1086 2262 1283 2354 Umbrico,

175 2383 275 2458 Osco
306 2381 505 2487 alphabeto
532 2391 568 2466 V
595 2387 737 2486 signum
762 2387 802 2458 in
825 2385 912 2460 loco
928 2413 1031 2480 mvn,
1065 2391 1103 2462 in
1131 2387 1280 2464 Graeco

39 2589 42 2592 ,
175 2525 212 2582 et
238 2509 373 2584 Latino
405 2511 501 2581 inter
532 2505 745 2584 accedentes
775 2489 915 2584 litteras
946 2514 1147 2614 posuerim,
1184 2539 1281 2615 opus

175 2649 242 2726 est,
258 2640 312 2708 'ut
337 2633 407 2706 hac
433 2630 479 2706 de
505 2659 546 2706 re
573 2630 711 2744 aliquid
738 2628 918 2708 adiiciam.

277 2765 339 2837 20.
358 2763 419 2830 23.
456 2745 495 2834 V
513 2759 552 2828 in
577 2755 711 2829 tabulis
736 2755 913 2854 Umbrice
943 2761 1085 2860 scriptis
1111 2761 1226 2834 solam
1256 2789 1282 2835 u

173 2865 340 2956 vocalem
365 2878 580 2980 significare,
614 2906 723 2983 supra
747 2879 923 2976 vidimus3
957 2885 997 2955 in
1021 2859 1161 2958 Latinis
1186 2889 1280 2962 nero

174 3003 309 3078 tabulis
340 3002 448 3076 simul
479 3003 648 3078 vocalem
678 3020 714 3078 et
744 3022 1011 3082 consonantem
1036 3037 1064 3082 v
1090 3014 1278 3113 exprimit,

173 3131 397 3230 accessitque
425 3144 615 3231 praeterea
640 3129 778 3206 vocalis
805 3161 836 3205 o.
894 3115 1070 3226 Quaestio
1098 3137 1278 3227 exoritur,

172 3269 296 3328 utrum
327 3253 485 3345 Etrusci,
518 3252 664 3348 Umbri,
703 3251 791 3328 Osci
822 3271 933 3357 atque
965 3271 1042 3329 tota
1068 3255 1145 3328 fere
1170 3254 1282 3330 Italia

168 3407 193 3460 ,a
211 3381 395 3481 principio
419 3375 569 3480 quidem
588 3407 609 3450 o
629 3378 789 3452 litteram
813 3377 1020 3471 habuerint,
1050 3375 1184 3453 deinde
1211 3381 1280 3454 ab·

172 3507 339 3594 iecerint,
370 3490 584 3578 aRomanis
602 3495 765 3606 'denique
790 3529 913 3576 rursus
939 3505 1159 3606 receperint,
1190 3531 1278 3578 ana

106 3613 108 3619 ’
171 3628 299 3730 primis
323 3623 409 3699 inde
434 3629 663 3729 temporibus
678 3617 779 3702 eam·
794 3653 872 3701 non
896 3626 1104 3703 habuerint.

95 3767 97 3772 ’
229 3779 233 3788 ’
273 3747 398 3850 Atque
418 3776 532 3852 quum
551 3750 638 3824 alibi
662 3749 972 3845 contenderimus,
1000 3749 1107 3826 facile
1131 3750 1279 3825 nullum

172 3873 263 3951 olim
292 3873 403 3948 fuisse
427 3873 629 3978 populum,
666 3879 730 3980 qui
762 3879 948 3982 scripserit
978 3874 1140 3950 litteram
1171 3876 1278 3951 aliter

172 4016 282 4103 atque
306 4001 610 4104 pronuntiauerit,
641 4005 805 4105 speciose
826 4004 898 4076 iam
920 3999 1053 4103 aliquis
1080 4001 1273 4093 obiecerit,

102 4137 103 4144 ’
172 4140 255 4200 ante
273 4123 421 4218 ,01.94,
439 4133 475 4200 2.
506 4141 544 4200 et
567 4155 585 4198 ο
611 4142 649 4202 et
674 4155 698 4200 ω
727 4141 765 4202 et
793 4153 827 4198 ου
853 4123 994 4202 litteras
1019 4151 1088 4228 per
1113 4125 1277 4200 solums

172 4252 326 4352 signum,
356 4266 426 4326 eet
443 4279 461 4336 η
481 4267 517 4326 et
536 4279 562 4323 ει
582 4275 649 4354 per
669 4250 789 4326 solum
807 4277 823 4324 ε
843 4251 985 4353 signum
1011 4254 1162 4354 scriptas
1181 4276 1273 4326 esse.
