2694 4978
192 581 307 670 olim,
336 581 440 651 utin
467 577 608 678 reliqua
635 576 753 668 Italia,
783 580 831 652 ita
856 576 998 652 Romae
1024 579 1145 652 solum
1173 577 1212 652 in
1238 605 1306 651 usu

203 704 327 795 fuisse,
347 700 438 774 mihi
454 725 667 803 persuasum
686 716 752 774 est.
799 700 936 776 Verum
956 703 1002 775 ab
1020 701 1093 776 hoc
1110 698 1197 776 inde
1215 717 1304 775 tem-

202 853 295 930 pore
327 851 444 928 aeque
476 841 586 926 atque
618 827 657 896 in
687 825 839 898 Etrusca
864 823 1064 898 litteratura
1076 829 1122 930 [Ο
1154 851 1305 928 prorsus

203 949 360 1027 eundem
386 948 515 1022 habuit
537 973 682 1040 sonum,
712 975 822 1049 quam
846 952 887 1040 Κ,
918 975 1031 1050 quum
1050 965 1196 1052 praeter
1215 977 1306 1052 pau-

202 1078 343 1150 cissima
372 1072 435 1146 illa
461 1073 572 1149 rerba
598 1073 737 1174 ubique
763 1073 792 1146 C
822 1069 1070 1164 adhiberetur,
1098 1099 1220 1175 neque
1247 1073 1306 1146 ul-

202 1201 280 1274 lum
297 1197 495 1292 habeamus
511 1193 701 1287 indicium,
726 1199 848 1270 statim
868 1222 888 1268 a
906 1200 1033 1299 primis
1051 1197 1194 1298 linguae
1212 1213 1309 1272 tcm-

202 1323 355 1426 poribus
379 1346 407 1418 ς
427 1319 570 1394 litterae
597 1345 728 1392 sonum
755 1323 943 1394 exstitisse.
998 1322 1156 1394 Maxime
1179 1337 1310 1394 contra
1336 1411 1337 1432 Χ

192 1447 330 1521 ¹luisset
361 1445 557 1536 absonum,
597 1446 627 1517 si
657 1442 817 1517 Romani
849 1443 958 1518 huius
989 1443 1131 1519 litterae
1163 1433 1337 1520 nullum'

203 1572 358 1670 signum,
387 1565 451 1642 sed
477 1570 831 1671 pronuntiationem,
860 1567 959 1642 illius
985 1594 1074 1645 vero
1106 1566 1181 1642 duo
1209 1571 1312 1669 signa

152 1751 154 1757 .
204 1691 367 1768 eiusdem
406 1690 620 1766 habuissent
653 1691 938 1794 significationis.
1001 1696 1029 1769 0
1063 1697 1205 1796 signum
1239 1693 1311 1766 sub

125 1893 129 1898 ,
202 1815 315 1893 finem
347 1819 465 1932 quipti
495 1813 631 1888 saeculi
662 1832 748 1915 post
776 1815 935 1890 Romam
967 1795 1154 1890 conditam
1179 1803 1310 1892 inven-

203 1941 369 2037 tum(⁷⁹)‚
391 1963 514 2039 neque
534 1936 653 2010 multo
674 1935 827 2010 sortasse
846 1954 930 2012 ante
944 1964 1055 2012 sonus
1070 1965 1221 2040 quoque
1239 1941 1312 2013 hu·

203 2068 258 2136 ius
282 2061 426 2136 litterae
453 2060 646 2138 invaluisse
670 2058 827 2136 videtur.
882 2059 1044 2142 Litterae
1064 2087 1152 2137 vero
1173 2065 1194 2135 b
1212 2077 1249 2134 et
1265 2066 1314 2154 d,

140 2275 141 2280 Ἰ
203 2187 367 2288 quamvis
387 2200 425 2258 et
440 2184 510 2258 hae
528 2210 605 2258 non
623 2209 741 2286 aeque
759 2183 973 2286 frequenter
990 2211 1032 2260 ac
1047 2213 1075 2287 p
1094 2201 1131 2259 et
1150 2188 1220 2258 tin
1235 2184 1312 2258 lin-

201 2337 272 2413 gua
291 2310 422 2384 Latina
441 2323 676 2410 usurpentur,
699 2287 905 2410 primitivae
925 2325 1048 2384 tamen
1065 2307 1250 2386 videntur.

304 2432 443 2510 Verum
476 2434 584 2505 etiam
618 2431 749 2506 clarius
774 2435 813 2506 in
840 2459 963 2508 caussa
990 2449 1114 2508 nostra
1140 2450 1313 2536 repetere

202 2558 289 2632 licet
314 2555 524 2659 exemplum
550 2581 595 2629 ex
621 2558 809 2630 notissima
834 2561 1105 2660 permutatione
1129 2557 1272 2632 litterae
1295 2585 1313 2628 s

202 2685 241 2755 in
259 2711 290 2772 r,
323 2661 434 2784 apuam
453 2679 644 2783 permultis
670 2683 709 2754 in
734 2683 855 2757 verbis
881 2683 950 2756 sub
975 2681 1088 2756 finem
1114 2685 1234 2785 quarti
1261 2683 1313 2756 ab

202 2805 306 2880 Urbe
337 2802 487 2878 condita
519 2803 655 2876 saeculi
686 2805 878 2906 incepisse,
914 2821 994 2878 tum
1024 2805 1194 2897 aliorum,
1228 2821 1313 2878 tum

204 2927 395 3002 Ciceronis
422 2927 488 3026 (⁸⁰)
523 2929 608 3000 satis
647 2924 866 3001 confirmant
900 2930 1121 3002 testimonia.
1182 2925 1313 3022 Quare

204 3077 320 3154 quum
341 3077 491 3152 prorsus
517 3047 670 3124 eandem
696 3053 972 3125 conversionem
991 3079 1009 3123 s
1028 3051 1171 3126 litterae
1199 3056 1311 3126 etiam

192 3172 301 3278 *apud
325 3177 427 3277 ipsos
444 3173 620 3264 Umbros,
650 3189 759 3274 atque
786 3200 831 3248 eo
858 3177 939 3278 ipso
966 3179 1144 3278 temporis
1170 3180 1307 3277 spatio,

204 3296 305 3402 quod
332 3299 428 3373 inter
448 3298 601 3372 Etrusco
630 3313 666 3370 et
692 3297 823 3372 Latine
848 3302 1001 3400 scriptas
1026 3299 1169 3372 tabulas
1195 3303 1309 3374 inter-

203 3427 319 3513 cessit,
335 3420 508 3498 acoidisse
521 3448 608 3496 mox
620 3424 732 3498 visuri
740 3425 865 3508 simus,
883 3419 971 3523 quid
985 3420 1145 3512 tandem,
1161 3449 1310 3525 quaeso,

204 3551 338 3638 obstat,
361 3551 558 3649 quominus
576 3562 721 3648 praeter
737 3545 832 3620 hanc
849 3573 961 3620 unam
979 3546 1124 3648 linguae
1143 3575 1308 3622 commu-

203 3675 379 3770 tationem
406 3670 493 3743 alias
520 3695 670 3774 quoque
697 3668 867 3745 admissas
889 3682 972 3745 'esse
1001 3669 1214 3745 credamus?

202 3892 253 3952 sed
269 3897 374 3966 Caeso,
393 3895 462 3950 Kal.
476 3890 527 3952 secl
543 3897 701 3968 Ualentia,
721 3901 757 3954 sl.
771 3900 859 3954 udat.
875 3896 890 3972 (
895 3893 987 3954 lustr.
1002 3891 1100 3974 Scip.)
1118 3893 1169 3954 sed
1182 3900 1308 3954 stlitibus

202 4000 372 4070 iudicandis,
392 3999 423 4053 C.
436 3993 487 4055 sed
504 3998 605 4070 Galeas,
626 3999 677 4054 tta.
691 3995 742 4056 ted
759 4000 886 4056 Gnaeus.

252 4097 316 4177 (⁷9)
343 4095 382 4158 ci.
396 4095 545 4160 Villois.
556 4099 616 4167 An.
630 4096 670 4156 11.
683 4118 712 4178 p.
721 4103 782 4162 167.
808 4094 977 4159 Schneid.
990 4096 1016 4176 Ι,
1031 4110 1056 4160 1.
1070 4105 1171 4179 pato.
1190 4109 1308 4179 atquae

190 4195 277 4258 inira
291 4199 394 4260 dicam.

254 4301 317 4378 (⁸⁰)
341 4307 382 4358 'aa
394 4304 499 4362 Fama.
513 4306 567 4374 Ep.
581 4301 694 4377 tx,21.
